4734 7004
321 515 510 580 tn.c.rvta
559 523 598 592 38

539 678 703 726 censorum
724 669 756 725 et
775 663 948 740 secretarii,
971 681 1104 743 quorum
1127 665 1280 743 suilragiis

538 756 710 836 acquiescat
731 756 900 834 academia,
924 767 1016 837 atque
1037 759 1068 820 in
1091 776 1125 822 re
1146 759 1278 822 literaria

537 866 645 929 parere
666 852 856 916 tenebuntur
877 852 1050 916 academici.

578 961 622 1004 ιιι.
646 945 762 1007 llorum
778 945 872 1007 etiam
888 945 958 1022 erit,
974 962 1046 1008 cum
1068 947 1148 1009 bene
1169 946 1212 1008 eis
1233 947 1280 1008 vi-

536 1053 606 1098 sum
618 1037 712 1100 luerit
723 1037 858 1117 aliquem
869 1038 986 1101 socium
998 1047 1084 1101 extra
1096 1055 1277 1114 numerum,

536 1130 610 1194 dum
623 1132 651 1194 id
664 1131 838 1210 expostulet
850 1131 967 1194 utilitas
981 1133 1150 1196 academiae
1163 1133 1195 1194 in
1207 1149 1277 1212 pro-

536 1225 657 1301 vinciis,
673 1226 735 1288 imo
748 1233 779 1288 et
794 1233 879 1288 extra
901 1227 990 1304 regni
1012 1227 1127 1289 limites
1144 1226 1276 1304 eligere;

536 1333 648 1380 verum
669 1320 785 1399 quique
805 1327 892 1381 extra
914 1336 1083 1383 numerum
1107 1321 1276 1398 eligentur,

535 1429 593 1477 nec
613 1428 774 1476 censorem
789 1430 880 1491 agere
901 1414 1034 1491 valeant,
1048 1431 1105 1478 nec
1120 1416 1151 1476 in
1167 1415 1279 1478 disser-

535 1507 688 1571 tationum
710 1507 874 1586 partitione
887 1523 926 1569 ex
939 1508 1110 1572 academiae
1130 1511 1276 1589 praescri-

535 1609 586 1680 pto
608 1619 664 1681 ρει
683 1603 778 1664 socios
800 1602 976 1665 distributas
997 1609 1097 1682 partes
1120 1612 1237 1666 tenere.

575 1713 606 1758 x.
630 1697 772 1775 Quinque
799 1703 893 1758 erunt
917 1697 1086 1758 academiae
1116 1712 1274 1774 censores3

533 1791 594 1854 duo
615 1791 753 1868 magistri
776 1791 921 1853 dicentur
942 1806 1084 1853 censores
1105 1790 1181 1864 nati,
1205 1790 1277 1852 reli-

533 1885 587 1965 qui
609 1893 670 1948 tres
685 1884 721 1945 ab
736 1884 884 1947 universo
904 1884 1059 1946 sociorum
1077 1892 1275 1946 assumemur

532 1979 670 2056 gremi03
698 1995 779 2040 unus
807 1983 931 2039 tantum
958 1977 1076 2056 poterit
1096 1976 1169 2054 eligi
1192 1977 1274 2038 inter

531 2073 693 2136 canonicos
708 2070 880 2147 regulares3
895 2070 1009 2133 borum
1024 2070 1133 2134 electio
1148 2071 1208 2132 erit
1222 2086 1274 2149 pe-

531 2183 586 2229 nes
598 2173 720 2228 veteres
731 2180 872 2227 censores
888 2180 948 2226 una
963 2151 1035 2226 cu'm
1050 2165 1197 2242 praeside,
1211 2180 1273 2224 ma·

531 2259 645 2336 gistris,
662 2266 754 2336 atque
774 2257 953 2320 secretario:
977 2257 1072 2320 unius
1086 2257 1161 2318 aunl
1175 2258 1272 2335 spatio

530 2353 660 2416 linietur
680 2365 843 2414 censorum
866 2351 1046 2414 iurisdictio.

569 2464 614 2509 xv.
642 2446 824 2509 Procurator
852 2460 933 2506 unus
954 2445 1014 2506 erit
1035 2461 1050 2504 a
1073 2444 1208 2524 praeside
1238 2461 1271 2507 ac

529 2541 688 2618 magistris
702 2540 785 2601 inter
798 2538 961 2601 canonicos
974 2538 1132 2615 regulares
1155 2539 1271 2616 eligen-

528 2635 601 2711 dus3
630 2634 686 2712 ipsi
714 2632 952 2696 demandabitur
979 2649 1051 2695 cura
1080 2633 1271 2713 praebendae

528 2729 710 2803 academiae,
722 2737 813 2806 atque
824 2726 981 2789 redituum
993 2725 1178 2802 sollicitudo,
1190 2743 1271 2788 sem-

527 2823 662 2905 pererit
687 2821 764 2884 alter
785 2837 800 2882 a
821 2826 1020 2898 procuratore
1046 2825 1077 2880 et
1103 2820 1270 2882 camerario

430 2957 431 2960 =
527 2917 717 2981 monasterii.

566 3028 624 3074 xn.
647 3009 788 3074 Officialis
803 3030 886 3076 unns
901 3012 1035 3089 eligetur
1049 3013 1084 3075 ad
1100 3015 1269 3080 academiae

525 3107 708 3181 servitium,
731 3107 879 3170 eluserit
904 3109 1000 3170 socios
1022 3109 1058 3172 ad
1082 3111 1268 3177 academiam

524 3204 610 3267 statis
632 3220 685 3282 ρει
707 3202 825 3265 vocales
845 3203 928 3265 boris
949 3220 1129 3268 convocare.

565 3313 636 3358 xnr.
659 3299 684 3358 ll
706 3295 883 3374 diequarte
908 3298 1087 3361 novembris
1113 3299 1184 3364 divo
1213 3303 1268 3366 Ca·

525 3391 592 3453 rolo
618 3391 802 3452 Borromaeo
822 3406 906 3452 sacra
933 3391 1139 3468 auspicabitur
1164 3397 1267 3458 acade-

524 3483 623 3546 micus
658 3483 761 3559 labor;
795 3483 922 3546 linietur
955 3485 1092 3548 Doctoris
1124 3490 1267 3563 gentium

524 3578 831 3651 commemoratione,
847 3578 897 3640 die
919 3578 1073 3655 trigesima
1096 3576 1193 3644 iuni!
1209 3584 1267 3646 Re-

523 3673 646 3751 liquum
669 3679 790 3749 tempus
812 3669 956 3733 leriandis
978 3673 1088 3735 animis
1110 3677 1266 3753 deputabi-

523 3774 591 3844 tur;
615 3764 876 3843 quemadmodum
899 3764 991 3828 etiam
1011 3783 1027 3827 a
1048 3764 1160 3844 Vigilia
1181 3769 1285 3833 Nati-v

522 3861 626 3922 vitatis
641 3859 762 3922 bomini
777 3859 812 3920 ad
829 3858 1033 3937 Epiphaniam
1049 3879 1157 3941 usque,
1173 3874 1266 3946 atque

523 3970 539 4014 a
554 3947 712 4017 Dominica
734 3951 907 4015 Palmarum
922 3953 959 4014 ad
977 3953 1083 4017 leriam
1098 3958 1262 4022 secundam

523 4049 555 4111 in
578 4047 707 4125 gaudiis.

562 4160 628 4205 xvv.
653 4142 678 4204 Α
698 4141 790 4205 sacris
811 4142 970 4205 exorietur
995 4144 1147 4208 academia
1177 4146 1264 4212 litur-

523 4237 603 4314 gica:
626 4235 676 4296 die
697 4241 804 4314 quarta
831 4236 1011 4298 novembris
1040 4253 1132 4302 mane
1152 4241 1265 4303 aduna-

523 4331 640 4392 buntur
656 4328 795 4390 universi
809 4328 881 4390 socii
897 4339 1049 4408 quotquot
1061 4331 1141 4393 intra
1153 4335 1263 4396 urbem

522 4423 682 4499 degerint,
712 4419 831 4484 Missam
859 4422 1032 4485 solemnem
1062 4426 1198 4488 votivam
1226 4429 1263 4492 de

521 4516 600 4579 lesto
621 4515 878 4578 annuntiationis
903 4517 1056 4578 audituri:
1084 4521 1263 4600 praesbyter

520 4609 665 4673 diaconus
681 4625 714 4672 ac
733 4609 937 4672 subdiaconus
951 4627 988 4672 ex
1003 4612 1092 4674 sociis
1106 4630 1262 4678 assumen-

520 4712 572 4766 tur
597 4703 662 4763 slve
692 4701 885 4777 domesticis,
907 4702 973 4763 sive
1001 4707 1126 4768 exteris.
1156 4709 1262 4772 Socius

519 4804 625 4859 autem
645 4796 705 4858 erit
728 4796 943 4858 concionator.
967 4797 1115 4862 Canonici
1142 4802 1262 4878 regula-

520 4906 568 4952 res
594 4887 814 4955 Lateranenses
844 4889 991 4951 sacrificio
1019 4891 1169 4954 interesse
1197 4911 1260 4957 uon

518 4981 691 5058 relugient,
719 4996 778 5043 nec
803 4981 925 5043 Missam
950 4991 1044 5046 cantu
1075 4983 1260 5062 gregoriano

519 5075 685 5138 celebrare.

558 5183 610 5230 xv.
633 5166 779 5229 Eiusdem
805 5168 866 5230 diei
887 5184 1017 5248 vespere
1047 5171 1162 5234 iterum
1187 5173 1261 5235 bdu-

519 5262 679 5324 nabnntur
693 5260 777 5323 socii.
801 5259 980 5325 Orationem
998 5265 1030 5325 in
1045 5266 1196 5327 academia
1211 5284 1260 5329 re-

517 5354 622 5416 citabit
647 5353 767 5432 primus
792 5369 832 5415 ex
860 5354 957 5417 tribus
985 5357 1178 5433 censoribus,
1201 5375 1260 5438 qua

517 5447 616 5521 linita,
638 5446 825 5509 dissolvetur
848 5463 1050 5526 congressus;
1073 5449 1157 5512 illius
1178 5451 1259 5513 dele-

517 5546 614 5614 ctum,
636 5541 662 5600 si
684 5539 823 5617 legitime
843 5539 1041 5618 impediatur,
1058 5542 1168 5605 tertius
1188 5560 1262 5624 sup-

517 5631 623 5710 plebit.

557 5743 622 5787 xvv.
646 5728 700 5789 [tle
721 5727 870 5805 vigesima
891 5736 976 5790 sexta
1006 5730 1097 5806 iunii,
1120 5733 1170 5793 vel
1192 5749 1261 5811 pro-

517 5821 600 5882 xima
621 5823 777 5900 sequenti,
801 5828 862 5884 tres
882 5837 1025 5884 censores
1053 5841 1125 5887 cum
1147 5827 1260 5904 praesi-

485 5914 566 6004 ‚da
588 5915 706 5979 duobus
728 5917 895 5994 magistris,
911 5934 944 5979 ao
958 5920 1122 5981 secretario
1143 5921 1176 5982 in
1197 5937 1260 5982 aca-

1060 543 1123 593 ltili.
1147 548 1238 594 ΡΟΝΤ.
1261 543 1301 594 bi:
1322 541 1352 595 P·
1376 544 1407 596 F·
1430 545 1513 598 bans
1535 549 1557 598 l.

1338 669 1438 732 demia
1457 669 1657 747 colligentur:
1681 673 1826 737 omnibus
1841 676 1991 751 adunatis,
2008 694 2079 740 cen-

1337 777 1420 824 sores
1434 779 1531 824 novos
1546 780 1601 843 pro
1615 781 1696 828 anno
1707 765 1813 829 luturo
1825 783 1880 846 per
1891 770 2079 833 scrutinium

1336 855 1496 932 creabunt,
1513 864 1616 936 postea
1632 860 1777 936 magister
1798 860 1960 939 liturgicus
1981 864 2077 942 prius,

1336 947 1407 1008 dein
1425 949 1573 1026 magister
1593 951 1738 1013 historiae
1757 953 1990 1034 ecclesiasticae;
2011 958 2078 1036 qui-

1336 1038 1410 1101 libet
1431 1040 1464 1103 in
1491 1043 1614 1121 propria
1645 1043 1788 1107 laenitate
1810 1055 1922 1127 puncta
1944 1057 2078 1128 exponet

1335 1133 1580 1210 sequentianno
1606 1134 1798 1215 disserenda,
1827 1157 1903 1220 quae
1925 1141 1961 1202 ad
1987 1142 2077 1204 truti-

1335 1241 1408 1287 nam
1430 1221 1624 1292 vocabuntur
1637 1231 1877 1310 suffragantium
1895 1235 2011 1298 calculo
2025 1236 2076 1300 vel

1334 1319 1478 1384 omnium
1488 1332 1540 1383 aut
1552 1324 1675 1386 maioris
1686 1327 1811 1388 numeri
1823 1328 1988 1407 probanda,
2000 1345 2078 1407 quae

1333 1411 1357 1471 si
1373 1411 1602 1492 improbentur,
1615 1419 1754 1494 magistri
1768 1419 1826 1481 alia
1836 1419 2076 1499 sullragantibus

1334 1516 1419 1582 grata
1440 1509 1541 1572 denuo
1563 1521 1731 1589 exponent.

1373 1615 1450 1663 xvn.
1476 1604 1677 1682 comprobata
1692 1622 1746 1685 pro
1761 1607 1875 1671 luturis
1890 1610 2075 1672 dissertatio-

1333 1693 1424 1757 nibus
1446 1704 1573 1774 puncta‚
1596 1699 1653 1760 soli
1683 1701 1822 1781 quinque
1849 1719 1992 1766 censores
2019 1721 2076 1784 per

1331 1789 1502 1852 academiae
1523 1792 1619 1855 socios
1646 1793 1844 1872 distribuent,
1865 1797 1994 1860 cuilibet
2015 1800 2076 1861 dis-

1331 1882 1460 1945 serendo
1482 1891 1597 1961 puncto
1618 1885 1693 1948 duos
1715 1895 1767 1950 aut
1782 1894 1846 1950 tres
1866 1891 1962 1952 socios
1983 1891 2074 1953 desti-

1332 1974 1463 2051 nabunt,
1480 1991 1581 2038 unum
1604 1983 1707 2040 tamen
1729 1978 1844 2056 eligent
1868 1998 1906 2043 ex
1927 1983 1999 2061 ipsis
2019 1985 2074 2063 qui

1331 2067 1437 2144 lingua
1460 2067 1553 2132 latina
1579 2070 1714 2133 elaboret
1736 2073 1995 2150 dissertationem,
2021 2077 2072 2138 alli

1330 2170 1435 2223 autem
1456 2163 1508 2224 vel
1528 2165 1606 2227 alter
1627 2181 1857 2247 quemcumque
1882 2169 1954 2247 ipsis
1975 2169 2072 2232 libue-

1328 2255 1383 2330 rit,
1415 2271 1592 2320 sermonem
1621 2258 1672 2321 vel
1699 2263 1843 2338 patrium,
1871 2263 1921 2324 vel
1950 2262 2069 2340 italum,

1329 2347 1379 2408 vel
1400 2347 1580 2424 Galliarum,
1602 2352 1653 2413 vel
1674 2353 1768 2415 etiarn
1788 2355 1882 2432 Latii,
1913 2372 2069 2434 graecum,

1328 2448 1381 2503 aut
1401 2442 1579 2508 hebraicum
1600 2445 1805 2524 usurpabunt.

1367 2549 1457 2596 xvxn.
1481 2536 1660 2614 Designatus
1681 2541 1778 2603 socios
1799 2543 1836 2604 ad
1851 2542 2070 2607 elucubrandas

1327 2633 1467 2707 tempore
1498 2631 1625 2693 definito
1657 2632 1903 2713 dissertationes,
1932 2637 2070 2715 quolibet

1327 2735 1435 2783 mense
1449 2723 1483 2784 in
1499 2725 1650 2786 academia
1672 2728 1852 2804 recitandas,
1868 2730 2013 2793 certiores
2027 2731 2069 2793 ia-

1326 2816 1387 2877 ciet
1406 2819 1589 2878 secretarius
1611 2835 1869 2900 unumquemque
1897 2822 2067 2886 admonens

1326 2910 1363 2972 de
1384 2911 1499 2988 puncto
1513 2926 1530 2970 a
1544 2912 1722 2975 censoribus
1735 2913 1782 2974 illi
1804 2916 1840 2978 ad
1855 2914 2067 2979 disserendum

1325 3002 1504 3082 designato,
1526 3013 1557 3066 et
1578 3007 1624 3076 de,
1644 3020 1750 3068 mense
1770 3024 1832 3085 quo
1854 3008 1886 3069 in
1917 3011 2068 3072 academia

1324 3097 1479 3159 recitanda
1494 3099 1554 3160 erit
1568 3099 1760 3176 dissertati03
1783 3101 1877 3162 etiam
1893 3107 1955 3164 non
1977 3105 2068 3165 omit·

1326 3198 1370 3252 tet
1392 3193 1567 3270 exprimere
1581 3193 1606 3255 si
1623 3193 1667 3256 uti
1679 3175 1789 3257 'debeat
1804 3193 1882 3256 Latii
1906 3212 2064 3274 sermone,

1324 3300 1381 3346 nec
1408 3286 1509 3347 silebit
1535 3287 1639 3366 quales
1660 3289 1769 3350 babeat
1796 3290 1893 3352 socios
1915 3289 1951 3350 ad
1976 3289 2066 3354 illud·

1324 3386 1389 3440 met
1410 3385 1561 3456 punctum
1586 3381 1798 3445 disserendum
1824 3383 1861 3444 ab
1889 3385 2066 3447 censoribus

1323 3471 1448 3548 electos,
1470 3488 1528 3535 nec
1548 3461 1660 3536 tacebit
1687 3476 1744 3537 alia
1766 3485 1877 3556 puncta
1904 3485 1996 3558 atque
2016 3477 2066 3540 de·

1322 3567 1457 3643 signatos
1471 3567 1507 3628 ad
1529 3568 1581 3629 illa
1595 3570 1785 3632 enucleanda
1799 3572 1914 3650 socios;
1938 3573 2066 3636 caeteris

1323 3662 1416 3724 etlam
1436 3661 1526 3723 sociis
1546 3662 1659 3726 borum
1681 3663 1823 3727 omnium
1844 3665 1985 3728 notitiam
2008 3667 2064 3728 im-

1322 3755 1486 3833 pertietur.

1361 3865 1429 3912 xxx.
1453 3850 1515 3913 lloc
1536 3859 1570 3913 ut
1591 3851 1783 3918 commodius
1805 3861 1950 3931 praestet,
1963 3853 2064 3916 distri-

1321 3944 1483 4007 butionem
1495 3945 1702 4008 universama
1718 3947 1895 4009 censoribus
1911 3955 2063 4026 peractam

1322 4039 1425 4116 praelo
1446 4039 1632 4114 committet,
1647 4045 1679 4100 et
1700 4040 1737 4101 ad
1758 4048 1910 4103 omneset
1924 4041 2062 4117 singulos

1320 4134 1506 4196 academicos
1532 4133 1642 4196 lolium
1667 4134 1779 4210 diriget
1801 4134 1833 4194 in
1856 4136 1959 4196 charta
1981 4134 2061 4196 clau·

1320 4243 1401 4302 sum,
1424 4234 1516 4304 atque
1537 4227 1709 4290 academiae
1729 4227 1832 4304 sigillo
1852 4228 2059 4306 obsignatum;

1320 4321 1352 4381 in
1374 4321 1439 4401 ipso
1461 4319 1533 4382 lolio
1564 4320 1657 4382 etiam
1681 4321 1817 4396 dicetur,
1844 4321 1974 4398 singulis
1988 4324 2063 4403 'qui-

1320 4416 1510 4492 buscumque
1531 4429 1570 4474 ex
1590 4413 1680 4476 sociis
1707 4415 1893 4492 permissum
1914 4431 1981 4478 esse
2002 4417 2061 4478 dis-

1318 4510 1518 4572 sertationem
1529 4523 1616 4570 suam
1632 4509 1774 4582 condere,
1791 4515 1884 4586 atque
1897 4509 1965 4571 aliis
1978 4526 2060 4573 ccm-

1318 4608 1408 4669 missa
1429 4615 1540 4684 puncta
1562 4607 1725 4682 discutere,
1748 4608 1920 4671 enucleare.

1358 4717 1412 4764 xx.
1435 4699 1605 4762 Tenebitur
1619 4700 1801 4764 secretarius
1821 4703 1903 4765 intra
1918 4719 2059 4768 mensem

1315 4793 1396 4856 banc
1409 4793 1661 4856 distributionem
1675 4793 1807 4870 singulis
1826 4797 1998 4860 academiae
2011 4815 2059 4862 so·

1317 4886 1370 4948 ciis
1392 4893 1498 4948 notam
1520 4885 1628 4948 lacere.

1358 4995 1423 5041 xxv.
1448 4979 1481 5042 ln
1493 4980 1615 5041 bacmet
1629 4979 1828 5056 conferentia,
1844 4999 1988 5045 censores
2002 4983 2057 5045 eli·

1318 5080 1392 5151 gent
1410 5073 1660 5135 concionatorem
1679 5073 1714 5134 ad
1733 5074 1871 5136 luturam
1886 5075 1935 5137 die
1949 5084 2058 5154 quarta

1317 5167 1495 5229 novembris
1516 5168 1685 5230 academiae
1705 5166 1948 5244 solemnitatem,
1964 5185 2058 5248 quem

1315 5261 1498 5324 secretarius
1514 5259 1722 5321 commonebit
1738 5258 1776 5320 de
1787 5274 1920 5322 munere
1932 5261 1989 5339 ipsi
2004 5277 2058 5339 per

1316 5369 1459 5416 censores
1479 5353 1630 5415 iniuncto.

1356 5462 1435 5508 xxn.
1459 5445 1663 5509 Tenebantur
1673 5445 1825 5524 designati
1846 5447 1920 5510 socii
1941 5448 1977 5509 ad
1999 5447 2056 5510 dis-

1315 5539 1443 5602 serenda
1464 5546 1577 5618 puncta
1598 5540 1777 5603 censoribus
1793 5555 1913 5602 morem
1934 5556 2054 5617 gerere,

2108 541 2311 600 An.c.1759

1314 5642 1347 5696 et
1366 5636 1597 5697 dissertationes
1621 5635 1753 5697 condere
1777 5641 1918 5714 tempore
1950 5637 2055 5714 praefi·
2084 5632 2086 5636 ‘

1317 5728 1394 5803 nito;
1412 5728 1478 5789 illas
1500 5727 1533 5789 in
1555 5727 1706 5789 academia
1728 5743 1833 5789 coram
1848 5729 1994 5792 omnibus
2008 5746 2055 5792 re-

1315 5821 1464 5884 citabunt.
1489 5819 1643 5882 Verumsl
1658 5819 1759 5898 aliqua
1780 5838 1817 5882 ex
1838 5838 1927 5884 cansa
1948 5822 2055 5884 recita-

1315 5913 1357 5976 tio
1378 5915 1575 5976 existimetur
1596 5912 1737 5989 difficilis,
1754 5919 1893 5975 auctores
1914 5914 2054 5979 disserta-
