4776 6974
316 537 370 592 An.
384 541 415 592 G.
437 541 505 594 1786
555 537 613 600 304

535 673 581 750 pis
602 688 667 733 esse
699 671 912 735 tribuendum.
938 673 976 734 Et
998 688 1105 733 revera
1128 671 1282 750 quomodo

535 766 563 828 id
585 765 711 842 cogitari
732 772 844 843 potest,
868 771 902 828 ut
925 767 1033 827 Caesar
1046 764 1166 826 sancire
1180 766 1281 842 legem

533 857 682 920 voluisset
697 874 753 936 pro
769 859 916 921 universo
932 859 1063 937 imperio
1077 865 1182 920 contra
1194 857 1282 920 Nun·

479 1015 481 1020 ,
533 952 652 1013 ciorum
680 951 941 1028 iurisdictionem,
964 953 1087 1031 quando
1114 951 1281 1028 imperium

534 1043 634 1123 ipsum
665 1044 782 1120 gloriae
813 1045 869 1108 sibi
900 1059 1024 1123 semper
1052 1061 1117 1106 esse
1145 1043 1281 1120 duxerit,

533 1137 616 1215 quod
636 1137 669 1197 in
692 1137 831 1200 materiis
863 1137 1073 1200 ecclesiasticis
1104 1153 1137 1198 se
1159 1145 1282 1212 regeret

534 1244 572 1290 ex
594 1229 738 1292 ecclesiae
761 1230 892 1307 legibus,
911 1237 942 1292 et
964 1229 1149 1308 praesertim
1164 1229 1283 1307 primae

532 1321 623 1398 sedis,
646 1339 661 1382 a
683 1338 742 1400 qua
764 1339 856 1384 verae
870 1321 1029 1399 religionis
1045 1321 1134 1383 initia
1149 1321 1280 1399 recepit3

533 1424 565 1476 et
586 1417 709 1493 quando
731 1417 811 1479 idem
835 1415 1003 1495 imperium
1024 1415 1057 1476 in
1086 1414 1223 1476 materiis
1246 1411 1280 1474 ad

1061 554 1125 598 tun.
1150 555 1241 599 PONT·
1266 555 1305 600 DE
1327 556 1355 599 P·
1380 554 1408 599 F·
1433 555 1515 600 PARS
1536 553 1557 598 l·

1336 671 1408 732 relis
1423 670 1598 734 multorum
1609 671 1784 733 seculorum
1795 669 2022 748 possessionem
2033 669 2085 730 lra-

1337 764 1403 840 bet;
1426 763 1479 843 qui
1503 763 1612 826 titulus
1640 763 1813 827 universim
1842 765 2031 840 agnoscitur,
2055 770 2086 824 et

1335 858 1372 919 ab
1392 858 1537 920 omnibus
1559 857 1641 920 orbis
1662 857 1839 920 nationibus
1861 857 2027 919 retinetur.
2053 856 2086 919 Si

1336 949 1471 1027 denique
1485 949 1650 1028 loquamur
1665 951 1703 1012 de
1713 949 2008 1028 capitulationibus
2020 966 2086 1012 cac-

1336 1042 1437 1106 soccia
1454 1042 1609 1121 usquead
1622 1049 1825 1121 postremam,
1844 1047 1917 1106 naec
1931 1059 2004 1104 sane
2019 1043 2083 1105 evi-

1337 1136 1446 1198 denter
1474 1136 1677 1214 convincunt,
1708 1136 1845 1200 Nnncios
1867 1139 1899 1200 in
1920 1137 2085 1200 Germania

1336 1227 1449 1290 debere
1470 1237 1501 1291 et
1521 1245 1608 1306 posse
1629 1230 1726 1292 libere
1740 1246 1886 1292 exercere
1901 1229 2086 1292 iurisdictio·

1337 1337 1411 1382 nem
1433 1322 1464 1385 S.
1488 1323 1575 1386 Sedis
1597 1323 1743 1400 nomine;
1759 1323 1874 1402 quippe
1889 1323 1936 1385 lris
1951 1323 2024 1400 ipsis
2038 1340 2085 1386 ca-

1337 1414 1573 1493 pitulationibus
1594 1416 1674 1478 nihil
1691 1417 1774 1480 aliud
1789 1417 1976 1491 intenditur,
1992 1432 2085 1495 quam

2121 531 2191 586 An.
2209 529 2244 580 G.
2270 529 2340 582 1786

535 1507 636 1586 ipsum
657 1509 890 1586 pertinentibus
912 1523 975 1570 non
997 1507 1069 1569 alias
1087 1507 1224 1584 agnoscit
1240 1506 1281 1568 le
1306 1501 1309 1546 ¹
1337 1517 1371 1570 ut
1392 1508 1470 1570 dicta
1498 1509 1670 1572 iurisdictio
1698 1510 1844 1573 limitato
1864 1511 1908 1572 ait
1931 1511 1973 1574 od
1995 1527 2085 1572 cous·

535 1615 599 1676 ges,
622 1599 681 1662 nisi
703 1601 782 1676 illas,
805 1617 884 1679 qnae
903 1603 1088 1664 sanciuntur
1103 1617 1118 1659 a
1134 1599 1279 1675 comitiis,
1306 1577 1309 1659 Ι
1336 1617 1388 1663 scs
1410 1601 1652 1676 ecclesiasticos,
1679 1611 1776 1682 utque
1798 1619 1859 1666 una
1879 1602 2084 1666 excludantur

533 1709 588 1755 seu
609 1693 647 1754 ab
668 1694 791 1770 integro
812 1695 996 1758 Germaniae
1017 1709 1159 1771 corpore:
1178 1707 1281 1771 neque
1306 1669 1309 1743 l
1335 1692 1441 1755 civiles
1462 1711 1601 1772 caussae3
1624 1696 1703 1758 itaut
1724 1704 1829 1759 exorta
1861 1696 2083 1771 controversia,

534 1787 596 1864 ipsa
617 1787 742 1848 comitia
770 1788 933 1849 detrahere
961 1786 1129 1866 quidquam
1152 1793 1282 1864 possunt
1306 1800 1309 1874 ι
1336 1783 1436 1846 civilis
1457 1801 1508 1860 ne,
1531 1803 1569 1848 an
1591 1788 1790 1851 ecclesiastica
1805 1789 1844 1850 sit
1859 1805 1973 1863 caussa,
1989 1805 2084 1851 unus·

534 1894 718 1957 asupremo
739 1896 868 1942 suorum
891 1881 1067 1960 principum
1089 1880 1169 1953 iure,
1192 1879 1281 1940 cuius
1306 1882 1309 1961 ς
1336 1877 1467 1955 quisque
1488 1894 1525 1939 ox
1552 1879 1658 1942 electis
1689 1880 1927 1957 imperatoribus
1956 1880 2084 1958 promit·

536 1965 565 2032 vt
586 1987 697 2034 eornm
718 1973 851 2052 quisque
873 1974 905 2035 in
928 1974 991 2035 suis
1013 1973 1181 2036 ditionibus
1196 1979 1280 2049 pote·
1307 1978 1308 1987 ’
1337 1977 1415 2032 teret
1436 1987 1491 2032 sua
1520 1970 1722 2050 interponere
1750 1973 1846 2036 olllcia
1874 1973 1954 2052 apud
1977 1973 2008 2036 S.
2032 1972 2084 2036 Se-

533 2071 645 2126 statem
668 2065 759 2127 babet
779 2066 891 2142 agendi
911 2067 993 2144 quod
1009 2065 1095 2138 velit,
1112 2063 1281 2126 dummodo
1306 2086 1309 2168 p
1336 2063 1407 2124 dem
1429 2080 1485 2141 pro
1505 2064 1601 2126 amica
1622 2064 1840 2141 declaratione,
1864 2075 1899 2130 ut
1920 2066 2036 2143 legitur
2051 2068 2082 2128 in

535 2158 671 2235 corporis
702 2158 960 2220 constitutionem
994 2174 1057 2220 non
1080 2157 1188 2220 laedat.
1212 2155 1280 2219 Non
1338 2155 1447 2218 ultima
1481 2157 1701 2234 capitulatione
1733 2157 1799 2220 aliis
1829 2159 2084 2222 antecedentibus

535 2250 716 2325 ignoramus
752 2253 925 2314 multorum
958 2267 1104 2314 sermone
1135 2268 1220 2314 nunc
1250 2251 1281 2312 id
1337 2247 1487 2312 unilormi
1509 2248 1541 2311 in
1564 2250 1742 2327 ort.14‚§
1763 2249 1878 2314 dctd.
1904 2251 1982 2314 llaec
2004 2251 2083 2314 limi-

535 2343 648 2420 spargi,
671 2344 752 2423 quod
773 2359 854 2405 occo
877 2344 1079 2408 liuticiorum
1101 2345 1136 2405 in
1154 2345 1283 2408 Germa·
1306 2303 1310 2418 b
1337 2340 1410 2404 tatio
1432 2342 1494 2404 iam
1515 2343 1551 2404 ab
1572 2343 1661 2404 initio
1688 2345 1875 2407 contradicta
1902 2344 1962 2406 fuit
1983 2345 2015 2406 in
2038 2363 2084 2407 re·

536 2436 592 2498 ctio
615 2437 796 2508 institutio,
821 2438 1014 2501 irtcousultis
1029 2445 1059 2500 et
1076 2439 1190 2500 iuvitis
1206 2435 1281 2516 Epi·
1306 2428 1309 2489 l
1336 2435 1471 2498 bessibus
1481 2450 1636 2498 annorum
1648 2446 2001 2501 destruemonemus
2017 2456 2085 2517 pro-

534 2530 648 2607 scopis,
673 2539 827 2612 repupuct
849 2532 1053 2594 concordatis
1077 2531 1279 2602 Germanico,
1337 2535 1469 2590 testante
1491 2537 1595 2591 tamen
1619 2529 1740 2592 Nuncio
1755 2531 1786 2593 S.
1804 2531 1916 2608 Felice,
1932 2540 1964 2594 et
1979 2533 2010 2595 in
2025 2534 2086 2596 alio

535 2640 615 2701 quac
629 2640 668 2686 cu
684 2624 757 2686 iucc
770 2625 909 2704 patritio
926 2625 958 2689 S.
977 2625 1084 2688 Scdcct
1099 2625 1279 2704 striopuut,
1336 2637 1460 2683 recessu
1474 2621 1548 2683 anni
1563 2638 1714 2684 uncnxtv.
1730 2622 1876 2687 similiter
1892 2633 2084 2702 protestante

536 2723 567 2778 et
581 2716 663 2795 quod
679 2719 708 2781 id
723 2736 743 2782 a
759 2717 945 2783 rationibus
963 2720 1193 2798 Episcopatum
1207 2719 1280 2782 Ger·
1306 2712 1309 2822 l
1337 2712 1486 2793 Episcopo
1500 2715 1755 2778 paderbornensi.
1774 2715 1833 2780 Sed
1849 2724 1883 2779 ut
1898 2733 1985 2780 nunc
1999 2735 2085 2797 prae-

535 2811 663 2873 ctauiac
684 2811 779 2890 ptauc
800 2815 943 2878 alterium
959 2815 1015 2888 sic,
1033 2823 1063 2877 et
1084 2815 1166 2895 quod
1187 2811 1280 2889 piena
1338 2816 1503 2884 tereamus,
1520 2811 1601 2887 quod
1624 2817 1691 2872 tum
1707 2817 1813 2874 contra
1828 2827 1897 2873 eam
1911 2814 2084 2875 novitatem

535 2910 614 2966 suut
636 2911 712 2968 octa
732 2904 862 2984 publico
892 2909 1018 2987 imperii
1049 2908 1158 2974 uestri
1175 2923 1281 2985 puerc-
1336 2908 1440 2964 actum
1461 2900 1531 2975 init,
1561 2902 1622 2964 iam
1643 2904 1760 2983 optime
1776 2905 1938 2983 intelligis,
1955 2923 2084 2969 venera·

537 2999 578 3060 tis
598 3004 631 3060 ct
650 3000 909 3079 precaminibus,
925 3020 1003 3082 quoe
1017 3012 1131 3066 contra
1146 3003 1284 3064 nuccio·
1306 3022 1309 3060 ι
1335 2993 1405 3054 bilis
1425 2992 1531 3070 trater,
1555 2994 1657 3073 ipsum
1679 2996 1899 3074 ifflb⁰s³l0s0ffl
1925 3015 1982 3061 ⁵¹1⁰
2003 3000 2085 3062 iure-

537 3099 632 3154 tpprag
654 3093 745 3158 ultra
760 3095 901 3159 seculum
917 3099 981 3160 iam
996 3102 1188 3160 motmunt,
1208 3095 1282 3158 ΡΜ.
1335 3084 1466 3148 iurando
1492 3087 1672 3174 adstrictum
1693 3090 1730 3150 ud
1754 3089 2008 3167 capitulationum
2031 3093 2082 3154 ob-

537 3185 615 3248 rcmc
642 3205 782 3251 recessus
810 3190 1003 3266 imperitet
1030 3191 1281 3269 capitulationes
1335 3178 1534 3255 servantiam,
1550 3195 1654 3259 neque
1669 3181 1813 3258 votuisse,
1834 3199 1935 3262 neque
1949 3185 2085 3261 notuisse

537 3297 701 3343 cocscrccc
722 3283 763 3345 od
786 3284 990 3348 saevissimam
1012 3301 1110 3363 usquc
1126 3285 1158 3347 id
1172 3288 1281 3360 cpcccc
1306 3306 1309 3338 ι
1334 3271 1455 3333 sancire
1475 3287 1531 3349 lll⁰
1554 3274 2026 3354 unilel'⁸⁰ifflll‘31'10‘bilbilim
2042 3279 2084 3340 ¹0·

537 3373 727 3451 toquuutur.
752 3375 811 3440 Sed
840 3393 942 3457 neque
972 3379 1065 3440 etiam
1088 3377 1279 3455 ignoramus,

536 3466 624 3528 nullo
645 3468 674 3529 id
696 3469 799 3547 ipsum
820 3471 1024 3534 fundamento
1045 3472 1116 3544 niti,
1132 3471 1281 3548 quoniam

430 3617 434 3623 .
535 3560 560 3620 si
582 3559 617 3620 ad
644 3561 864 3624 concordatum
893 3565 1109 3639 germanicum
1138 3564 1309 3695 respicio-1

538 3667 617 3728 mus,
640 3654 707 3715 lteri
730 3655 762 3716 in
785 3655 849 3733 ipso
879 3673 1055 3734 expressam
1085 3657 1281 3719 mentionem

1336 3381 1408 3442 gem
1429 3367 1465 3429 ad
1482 3381 1609 3430 omnem
1631 3368 1811 3431 abolendam
1827 3369 2023 3434 Nnnciorum
2038 3374 2085 3436 iu-

1336 3459 1546 3524 risdictionem
1566 3473 1672 3526 contra
1687 3464 1936 3530 fundamentales
1950 3477 2013 3531 tam
2029 3470 2084 3532 Ec-

1336 3555 1455 3632 clesiae,
1484 3575 1578 3636 quam
1609 3559 1704 3636 ipsius
1735 3561 1858 3640 imperii
1890 3562 1983 3638 leges.
2014 3564 2084 3626 Post

1337 3650 1512 3728 perspicuas
1540 3653 1593 3713 has
1621 3659 1713 3732 atque
1733 3654 1870 3717 illustres
1891 3657 2085 3718 demonstra-

536 3745 715 3807 invenimus
726 3745 921 3810 Nnnciorum
936 3751 1135 3827 auctoritatis,
1149 3765 1281 3829 eamque
1337 3743 1448 3820 tiones
1472 3747 1602 3811 minime
1623 3765 1746 3810 necesse
1761 3757 1809 3810 est
1825 3749 1878 3812 tibi
1893 3765 2082 3813 commemo·

535 3838 695 3915 approbari
710 3837 744 3918 (ἓ
760 3839 868 3902 Plccct
883 3839 973 3903 nobis
989 3843 1037 3920 3),·
1050 3845 1102 3905 sed
1118 3859 1181 3904 non
1198 3843 1280 3905 inve·
1307 3891 1309 3900 ,
1336 3855 1404 3900 rare
1424 3839 1630 3903 clarissimum
1645 3842 1825 3918 exemplum
1838 3843 1897 3906 sub
1912 3843 1973 3906 tuis
1987 3845 2084 3906 oculis

536 3931 641 3992 nimus
663 3931 789 3993 illorum
811 3931 933 3994 deliniri
960 3950 1131 3998 numerum
1152 3935 1202 3997 vel
1224 3936 1282 3996 im·
1336 3932 1471 4009 positum
1493 3932 1634 3995 electoris
1660 3935 1795 4012 palatini,
1819 3937 1872 4012 qni
1894 3951 1976 3998 nnus
1997 3945 2044 3998 est
2065 3955 2083 4000 e

536 4023 645 4098 pcdiri,
658 4025 827 4102 quominus
838 4025 907 4088 sine
919 4025 1141 4105 Episcoporum
1152 4045 1283 4092 consen·
1336 4025 1506 4104 praecipuis
1526 4027 1648 4104 imperii
1670 4029 1830 4090 membris.
1853 4031 1880 4093 ls
1895 4049 1928 4094 ea
1943 4033 2084 4096 libertate

535 4133 571 4177 su
594 4117 770 4192 mittantur,
793 4118 917 4196 quando
940 4120 1078 4197 ipsorum
1103 4123 1280 4200 principum
1306 4082 1309 4188 l
1337 4127 1440 4194 utens,
1454 4137 1530 4199 quae
1545 4122 1659 4184 intacto
1673 4125 1787 4204 cuique
1803 4125 2002 4205 relinquitur,
2015 4145 2084 4190 san-

535 4224 704 4272 consensus
731 4224 794 4272 non
815 4228 854 4274 ex
880 4215 1072 4289 necessitate,
1094 4217 1146 4278 sed
1168 4232 1207 4276 ex
1229 4217 1282 4276 bo·
1307 4195 1309 4304 l
1336 4215 1547 4293 ctaequehuic
1557 4217 1621 4278 sedi
1637 4217 1712 4280 illud
1729 4219 1913 4298 obsequium
1929 4222 2080 4297 deterens,

536 4303 621 4364 noris
645 4305 863 4366 convenientia
888 4306 928 4366 sit
949 4306 1148 4370 obtinendus.
1171 4309 1282 4383 Quam·
1306 4308 1310 4398 Ι
1336 4309 1416 4386 quod
1440 4309 1540 4370 multo
1562 4311 1657 4388 magis
1679 4313 1872 4376 venerabiles
1891 4315 1999 4378 iratres
2014 4317 2083 4394 Epi·

535 4410 628 4471 quam
644 4395 676 4455 in
691 4411 773 4470 casu,
789 4399 902 4476 dequo
917 4399 1031 4476 agitur,
1048 4401 1196 4462 certiores
1211 4401 1283 4463 lacti

535 4484 654 4548 luerint
676 4488 915 4568 brclriepiscopi,
937 4493 990 4570 qui
1013 4509 1098 4556 nunc
1119 4493 1281 4556 adversan-

537 4587 599 4655 tur,
616 4579 723 4657 eisque
744 4582 849 4643 datum
864 4584 904 4645 sit
918 4584 1068 4646 eiusmodi
1085 4603 1279 4664 responsum,

535 4673 616 4750 quod
639 4673 718 4752 ipses
739 4690 754 4734 a
775 4691 832 4738 suo
853 4676 978 4754 timore,
1002 4677 1061 4740 nisi
1077 4679 1103 4740 is
1117 4679 1282 4742 simulatus

536 4765 642 4840 luerit,
664 4767 795 4828 omnino
816 4769 968 4834 deducere
990 4771 1151 4850 potuisset.
1176 4773 1234 4837 Sed
1255 4775 1280 4836 si

535 4859 573 4920 de
594 4857 768 4923 recessibus
789 4862 917 4940 imperii
933 4864 1107 4943 loquamur,
1126 4881 1199 4928 vere
1214 4869 1282 4945 qui·

535 4953 606 5014 dem
632 4961 706 5016 sunt
736 4955 882 5032 querelae
911 4956 1081 5020 identidem
1112 4960 1280 5036 etcitatae3

535 5045 586 5105 sed
604 5061 715 5106 verum
730 5054 776 5108 est
791 5047 883 5109 etiam
898 5051 1039 5127 querelas
1054 5067 1117 5112 non
1133 5050 1194 5112 iam
1209 5067 1282 5113 con-

536 5143 583 5198 tra
610 5137 842 5202 subsistentiam
869 5149 900 5202 et
927 5143 1171 5207 iurisdictionem
1199 5159 1281 5206 nun·

536 5232 724 5294 maturarum
755 5242 865 5310 motas,
887 5237 939 5298 sed
962 5245 1068 5299 contra
1097 5246 1280 5314 proctcoscs

536 5324 656 5388 abusus
672 5325 878 5404 Nnnciorum,
895 5329 990 5391 luisse
1012 5337 1167 5409 tamquam
1190 5333 1281 5392 ratio-

536 5419 585 5481 nis
605 5420 808 5483 fundamento
840 5429 980 5484 carentes
1011 5423 1047 5484 ab
1070 5422 1224 5502 Episcopis
1244 5427 1280 5488 ad

536 5517 776 5590 repugnandum
804 5515 871 5578 zelo
902 5515 1037 5578 inductis
1065 5517 1098 5579 in
1119 5518 1281 5581 Germania

534 5607 752 5683 contradictus,
785 5616 968 5689 tantumque
999 5612 1117 5688 abesse,
1150 5621 1185 5675 ut
1212 5611 1280 5675 illae

535 5701 705 5780 quidquam
727 5705 902 5780 nocuerint,
925 5713 960 5768 ut
980 5707 1075 5767 etiarn
1100 5707 1212 5769 dictam
1234 5709 1282 5769 iu-

535 5795 746 5858 risdictionem
767 5799 998 5875 conllrmarint3
1021 5807 1114 5877 atque
1128 5801 1202 5863 baec
1217 5801 1280 5879 ipsa

536 5903 621 5949 nunc
642 5904 705 5952 non
727 5891 918 5953 obstantibus
938 5892 1185 5970 quibuscumque
1207 5909 1281 5972 que·

1336 4401 1417 4478 scopi
1448 4401 1570 4464 deterre
1598 4406 1757 4480 deberent,
1780 4407 1815 4467 ad
1843 4409 1992 4470 maiorem
2013 4425 2084 4470 suo-

1337 4509 1408 4557 rum
1439 4495 1628 4573 populorum
1660 4499 1838 4574 utilitatem,
1862 4502 2008 4563 constitui
2031 4517 2082 4562 vo·

1336 4587 1393 4649 luit
1415 4605 1486 4649 cum
1514 4596 1659 4652 consueta
1687 4591 1899 4655 iurisdictione
1925 4593 2083 4656 Nuncium

1337 4685 1368 4745 in
1391 4683 1534 4746 omnibus
1554 4684 1617 4745 suis
1639 4685 1807 4748 ditionibus
1832 4686 2083 4750 Palatino-Bava-

1336 4777 1389 4852 ris,
1412 4779 1465 4856 qui
1494 4779 1557 4856 ipse
1583 4777 1722 4841 Nuncius
1743 4799 1757 4840 a
1781 4781 1873 4843 variis
1904 4782 2083 4859 agnoscitur

1337 4869 1492 4949 Episcopis
1512 4879 1543 4933 et
1564 4871 1731 4934 Abbatibns
1749 4871 1945 4950 Germaniae,
1961 4882 1992 4936 et
2008 4891 2083 4937 aca-

1337 4963 1455 5025 tlrolicis
1477 4964 1597 5042 populis
1619 4965 1753 5028 Electori
1774 4966 1867 5028 etiam
1890 4967 2082 5031 brandebur-

1336 5057 1403 5132 gico
1413 5057 1569 5134 subiectis,
1582 5058 1635 5136 qui
1650 5057 1725 5119 item
1735 5066 1782 5120 est
1793 5059 1927 5122 alterum
1943 5077 1982 5122 ex
1997 5077 2083 5140 prae-

1335 5149 1430 5226 cipuis
1447 5150 1569 5228 imperii
1586 5151 1744 5213 membris.
1760 5153 1934 5230 Propterea,
1947 5171 2019 5215 cunr
2036 5163 2082 5230 tu,
2128 5159 2131 5166 “

1336 5243 1522 5306 venerabilis
1542 5243 1647 5319 irater,
1671 5255 1702 5306 te
1722 5262 1789 5306 esse
1810 5247 1982 5324 profitearis
2002 5247 2083 5309 cclc-

1335 5337 1461 5397 siasimc
1482 5337 1591 5398 urticnc
1618 5339 1767 5418 praescito
1789 5339 2031 5419 Arcbicpiaccpo
2052 5347 2082 5402 ct

1337 5430 1462 5494 Nuucio
1483 5447 1540 5507 pro
1561 5431 1709 5492 moderno
1730 5449 1788 5494 suc
1810 5447 1942 5495 munere
1962 5451 2082 5497 corceat

1335 5523 1461 5586 loccrodi
1484 5539 1621 5602 operum,
1645 5543 1660 5585 a
1682 5533 1851 5588 memorata
1873 5528 2015 5591 circulari
2036 5530 2083 5589 in·

1336 5617 1405 5678 duci
1427 5633 1490 5680 non
1514 5618 1605 5680 debes
1626 5619 1662 5680 ad
1683 5619 1781 5681 ullam
1809 5621 2019 5696 formidinem,
2043 5636 2083 5684 ne

1338 5716 1388 5770 tua
1410 5710 1562 5772 ordinaria
1584 5711 1651 5772 iura
1672 5711 1851 5790 laedantur;
1875 5730 1947 5775 oum
1963 5714 1991 5776 id
2007 5715 2083 5776 acci-

1336 5801 1409 5863 dere
1429 5803 1559 5864 omnino
1580 5819 1642 5865 non
1666 5806 1771 5883 possit,
1787 5807 1892 5868 statim
1913 5823 1946 5868 ac
1968 5823 2030 5870 non
2052 5824 2082 5868 a·

1336 5893 1409 5956 liam
1436 5896 1651 5959 auctoritatem
1679 5898 1769 5960 babet
1800 5915 1900 5961 novus
1929 5898 2080 5978 Nunoius,
