4722 6976
12 4997 13 5008 ³
62 4999 248 5053 comprehensis
267 4981 311 5044 ris
325 4998 414 5045 causa
430 4983 585 5045 castrensi
601 4983 807 5049 iurisdictioni
821 4989 945 5052 subesse
960 5005 1013 5050 vo-

11 5087 12 5090 ,
63 5049 248 5099 ioturtsdictione

912 561 984 614 bros
1005 559 1054 614 bb.
1078 557 1133 614 vxi.
1716 543 1773 616 503
1824 547 1878 604 An.
1892 553 1923 606 d.
1944 541 2013 606 1807

251 705 305 752 nec
330 689 388 752 ulli
414 691 555 755 existunt
579 699 751 764 castrenses
778 689 912 768 parochi,
935 704 993 752 nec

250 799 298 846 eos
318 785 509 848 constituere
530 785 667 864 expedit,
690 785 822 858 idcirco,
846 791 881 846 ut
901 781 993 844 saluti

250 879 423 941 animarum
451 887 483 942 et
510 889 775 942 sacramentorum
801 876 992 938 administra·

252 971 326 1033 tioni
348 987 404 1049 pro
419 973 551 1034 iniuncti
572 973 661 1034 nobis
682 970 840 1049 pastoralis
855 969 994 1032 muneris

250 1063 457 1126 sollicitudine
488 1065 626 1143 undique
653 1063 832 1126 consultum
858 1061 910 1138 sit,
942 1077 996 1122 ro-

253 1156 355 1218 tomus
377 1163 408 1219 et
429 1157 638 1231 decernimus,
661 1159 743 1234 quod
774 1155 926 1233 generalis
949 1170 995 1215 re

251 1250 321 1328 gula
336 1251 479 1330 superius
493 1252 675 1328 praestituta
689 1250 726 1312 de
741 1251 880 1327 personis
900 1248 995 1311 eccle-

251 1345 386 1407 siastieae
401 1345 607 1407 iurisdictioni
619 1343 776 1406 Castrensi
792 1343 995 1419 inposterum

251 1437 448 1500 subiiciendis
471 1438 573 1500 locum
596 1453 660 1499 non
681 1437 790 1498 habeat
812 1437 844 1498 in
861 1431 995 1496 officiali-

254 1531 307 1594 bus
339 1530 468 1609 aliisque
489 1531 628 1610 personis
650 1531 685 1592 iis
711 1530 804 1608 copiis
826 1527 995 1606 adscriptis,

252 1641 330 1702 quae
356 1623 486 1686 militiae
514 1625 545 1686 io
577 1624 729 1702 Hispaniis
760 1629 995 1702 nuncupantur,

252 1717 511 1798 quandocumque
522 1719 595 1781 dicti
607 1718 749 1780 ofliciales
761 1718 919 1794 dictaeque
929 1733 996 1796 per-

253 1827 345 1875 sonae
371 1815 404 1874 in
431 1814 526 1875 armis
547 1829 611 1874 non
632 1812 695 1874 sint
721 1813 761 1876 ob
788 1811 910 1889 aliquod
933 1827 996 1873 ser-

253 1909 367 1971 vitium
388 1909 538 1970 maiestati
553 1913 625 1969 tuae
639 1908 871 1990 praestandum,
888 1907 919 1967 in
937 1922 998 1984 quo

255 2010 358 2064 tamen
380 1993 451 2064 casu
474 2000 544 2061 illae
565 1999 691 2078 quidem
707 2015 856 2085 personae
877 2001 998 2062 iurisdi-

254 2095 350 2157 ctioni
373 2093 527 2159 castrensi
551 2093 707 2155 subiectae
728 2101 837 2167 erunt,
860 2093 912 2156 sed
935 2109 997 2154 non

254 2201 359 2249 earum
384 2185 527 2259 familiae,
552 2200 732 2247 neccarum
755 2184 874 2260 famuli,
891 2184 950 2246 nisi
963 2183 1000 2244 il-

254 2277 300 2340 lae
330 2287 383 2340 ant
415 2279 465 2340 isti
492 2278 569 2356 ipsas
597 2293 741 2355 personas
772 2285 943 2355 sequantur
969 2283 1000 2337 ct

255 2374 379 2451 integro
401 2374 553 2450 gaudeant
573 2372 652 2433 foro.

84 2468 120 2520 out
136 2463 239 2520 creola
293 2467 363 2542 57.
389 2466 549 2528 Praeterea
571 2481 587 2524 a
613 2465 751 2542 generali
776 2465 927 2544 praedicta
953 2481 999 2527 re·

66 2519 149 2578 generali
170 2519 238 2564 habe·

66 2573 224 2629 alturaroepn.
257 2562 328 2638 gula
350 2560 521 2638 excipimus
542 2574 772 2636 quemcumque
800 2557 930 2620 militiae
951 2557 1001 2619 ad·

67 4890 184 4938 beelarefio

62 4943 116 4989 ciaiis
135 4957 175 5002 pro

11 5119 12 5178 j
63 5103 170 5152 tastransi

256 2655 386 2728 dictum,
403 2653 457 2730 qui
479 2661 584 2714 tamen
606 2668 621 2712 a
643 2652 729 2728 regio
744 2651 910 2713 maiestatis
933 2657 1002 2712 tuae

256 2747 384 2810 servitio
400 2746 549 2807 immunis
563 2745 615 2821 sit,
632 2745 750 2806 etiamsi
772 2744 895 2822 aliquod
909 2763 925 2806 a
940 2745 1002 2822 pie-

258 2847 319 2902 tate
332 2847 384 2902 tua
398 2838 588 2917 stipendium
604 2839 739 2915 accipiat.
764 2838 941 2915 Excipimus
958 2839 1001 2899 in·

257 2949 350 3011 super
369 2933 475 2994 viduas
490 2931 639 3007 militum,
655 2936 897 3007 earumdemque
917 2931 1003 2993 fami·

259 3027 312 3089 lias
332 3033 364 3086 et
384 3041 506 3100 servos;
530 3033 648 3100 nautas,
665 3025 825 3090 naucleros
847 3037 1003 3105 praeterea

257 3127 289 3182 et
310 3119 444 3181 artifices
467 3119 497 3179 in
520 3119 677 3196 cathalogo
702 3122 880 3200 descriptos,
904 3123 1002 3185 veluti

257 3212 386 3273 servitio
407 3212 717 3274 armamentariorum
733 3221 763 3274 et
778 3215 936 3291 regiarum
950 3232 1003 3277 na·

259 3305 348 3368 vium
358 3302 557 3381 mancipatos,
574 3306 626 3383 qui
641 3306 698 3367 etsi
714 3307 836 3382 integro
852 3311 1003 3383 gaudeant

260 3399 399 3460 marinae
420 3396 497 3471 foro,
521 3406 623 3460 tamen
647 3406 722 3462 tunc
749 3401 851 3462 solum
872 3402 929 3464 sub
950 3403 1011 3490 (ἱει-1

260 3491 373 3553 strensi
396 3491 606 3553 iurisdictione
629 3501 733 3568 erunt,
749 3509 848 3570 quum
863 3495 897 3556 ad
913 3512 1005 3576 opera

260 3584 459 3667 seruitiaque,
476 3584 587 3662 quibus
609 3595 728 3660 vacant,
746 3589 844 3649 vocati
860 3597 1005 3651 consueta

261 3676 411 3754 stipendia
426 3677 584 3756 percipere
599 3677 759 3754 incipiant,
776 3679 807 3741 in
823 3697 884 3758 quo
901 3687 1004 3745 tamen

262 3788 331 3833 casu
352 3770 485 3831 familiae
511 3770 656 3849 seruique
677 3785 787 3834 eorum
808 3775 843 3835 ad
865 3774 1006 3837 Castren-

262 3878 329 3924 sem
352 3861 596 3925 iurisdictionem
619 3879 682 3925 non
704 3865 923 3943 pertinebunt,
946 3867 1006 3929 nisi

264 3962 428 4018 morentur
449 3955 571 4017 inurbe
592 3957 770 4032 provinciae
790 3959 939 4037 principe,
956 3967 1007 4021 aut

264 4050 297 4111 in
320 4049 397 4123 loco,
420 4047 453 4110 in
475 4063 569 4127 quem
598 4051 767 4112 convenire
794 4051 869 4113 iussi
890 4052 1007 4114 fuerim

263 4141 459 4220 adproprias
485 4141 730 4220 uniuscuiusque
751 4153 830 4208 artes
862 4161 1009 4208 exercen-

263 4237 315 4298 das
336 4244 369 4297 et
396 4235 520 4311 integro
548 4233 614 4296 loro
639 4238 810 4314 saepedicto
841 4240 1005 4315 gaudeant.

264 4330 397 4390 Domum
418 4329 476 4391 sub
497 4329 652 4392 castrensi
667 4331 864 4394 ecclesiastica
885 4331 1009 4394 iurisdi-

264 4422 366 4484 ctione
387 4422 609 4500 comprehendi
631 4423 778 4485 nolumus
800 4424 958 4488 damnatos
973 4427 1008 4488 ad

264 4529 353 4591 apoc,
376 4515 429 4593 qui
451 4514 533 4576 intra
554 4532 637 4576 arces
657 4522 747 4594 atque
775 4517 924 4594 praesidia
945 4532 1009 4579 non

265 4609 479 4682 continentur,
502 4608 615 4688 quippe
637 4610 691 4688 qui
713 4611 867 4674 custodiae
890 4619 1010 4674 tantum

264 4717 354 4764 causa
366 4717 382 4762 a
392 4699 521 4763 militari
534 4700 666 4779 imperio
677 4705 826 4781 pendent,
839 4705 920 4768 haud
937 4721 1011 4770 xero

265 4793 426 4872 pertinent
447 4794 482 4856 ad
503 4794 657 4858 militiam.

188 4903 247 4992 {fiis
308 4888 327 4963 5
348 4885 377 4948 8.
401 4886 525 4951 Praeter
547 4890 603 4951 hos
624 4905 709 4966 vero,
723 4907 799 4970 quos
820 4893 878 4955 fori
901 4895 1012 4956 milita·

269 5075 386 5151 lomus,
409 5077 446 5138 ad
468 5077 608 5140 eamdem
632 5077 877 5144 iurisdictionem
898 5091 1013 5162 specte·

267 5170 347 5231 bunt
358 5184 466 5232 omnes
480 5185 641 5247 personae,
653 5189 729 5250 quae
746 5176 845 5252 regios
857 5177 1012 5240 exercitus

267 5271 456 5342 sequuntur,
479 5265 586 5344 eisque
607 5267 795 5331 exercitibus
816 5285 1014 5349 quocumque

269 5357 398 5419 nomine
418 5374 471 5421 seo
497 5358 599 5435 titulo,
616 5361 816 5436 probantibus
838 5370 942 5426 tamen
958 5364 1013 5425 du·

268 5449 366 5524 cibus,
388 5450 495 5514 aliisve
518 5453 702 5516 militaribus
723 5457 944 5535 superioribus,
968 5458 1013 5519 in-

268 5542 421 5618 serviunt,
434 5546 553 5608 etiamsi
565 5549 735 5627 praedictae
750 5564 897 5627 personae
910 5567 1014 5629 sopra-

269 5636 351 5699 dicte
373 5638 440 5700 foro
462 5655 525 5701 non
548 5643 712 5719 gaudeant,
728 5642 821 5723 idque
841 5643 1015 5706 servabitur

270 5731 303 5791 in
318 5749 388 5796 casu
403 5735 625 5814 cuiuscumque
640 5736 783 5799 militaris
798 5735 1013 5816 expeditionis,

271 5832 394 5894 tametsi
423 5831 526 5909 copiae
557 5831 675 5894 luerint
709 5829 890 5904 auxiliares,
926 5827 1014 5892 dum-

269 5930 361 5994 modo
384 5936 488 5992 tamen
502 5925 655 6008 spirituali
677 5941 784 5989 earum
798 5923 944 6006 regimini
959 5925 1015 5989 ab'a

1050 695 1244 764 prospectum
1266 703 1329 751 non
1351 689 1391 750 sit
1419 689 1550 764 ratione,
1573 705 1650 767 quae
1671 705 1687 749 a
1708 705 1794 768 proe-

1049 782 1131 843 senti
1160 789 1262 844 nostra
1294 783 1494 860 dispositione
1522 783 1561 844 sit
1589 784 1720 858 diversa,
1744 784 1793 844 cui

1050 874 1199 950 regimini
1220 882 1251 935 et
1273 875 1479 954 peculiaribus
1505 877 1571 938 eius
1598 877 1794 938 constitutio-

1050 966 1142 1028 nibus
1165 967 1245 1028 nibil
1266 967 1437 1030 detractum
1460 969 1616 1030 volumus.
1645 969 1690 1031 nd
1712 984 1795 1030 eom·

1051 1061 1122 1122 dem
1152 1069 1309 1138 praeterea
1340 1062 1588 1124 iurisdictionem
1615 1063 1795 1140 spectabunt

1051 1168 1171 1228 omnes,
1194 1155 1247 1232 qui
1268 1154 1302 1215 in
1323 1155 1453 1216 naribus
1478 1156 1644 1218 maiestatis
1668 1165 1737 1218 tuae
1764 1171 1795 1215 e-

1052 1247 1184 1321 xistunt,
1206 1248 1349 1324 quamvis
1372 1247 1500 1309 militiae
1522 1264 1585 1309 non
1608 1249 1671 1310 sint
1686 1250 1797 1311 adscri-

1052 1340 1106 1417 pti,
1123 1347 1175 1400 aot
1189 1342 1224 1402 ad
1237 1339 1319 1402 aliud
1331 1343 1549 1420 quodcumque
1562 1341 1676 1416 forum,
1693 1343 1796 1404 aliam·

1053 1449 1091 1494 ve
1106 1433 1350 1496 iurisdictionem
1364 1436 1555 1511 pertineant:
1579 1437 1660 1514 quod
1680 1437 1797 1498 servari

1054 1525 1199 1588 volumus
1221 1527 1253 1586 in
1275 1527 1405 1590 navibus
1425 1529 1626 1604 mercatoriis,
1650 1545 1729 1607 quae
1743 1545 1799 1592 no-

1053 1620 1138 1680 mine
1160 1621 1267 1682 aerarii
1290 1619 1368 1696 regii
1384 1621 1562 1698 conductae,
1579 1622 1728 1701 praesidio
1745 1640 1797 1685 na-

1053 1712 1141 1773 vium
1157 1713 1324 1774 maiestatis
1340 1723 1409 1776 tuae
1420 1723 1585 1792 protectae,
1603 1725 1728 1794 propter
1743 1717 1797 1778 ali·

1054 1825 1145 1889 quam
1168 1823 1307 1885 causam,
1330 1809 1395 1869 sive
1421 1811 1651 1887 expeditionem
1676 1811 1737 1872 iter
1759 1811 1800 1872 fa-

1054 1907 1147 1981 cient,
1170 1905 1288 1967 etiamsi
1311 1904 1438 1966 bellicae
1467 1921 1571 1980 naves,
1594 1904 1706 1984 quibus
1729 1920 1799 1983 pro-

1055 2005 1215 2076 teguntur,
1242 1998 1404 2060 auxiliares
1432 1999 1495 2060 sint
1521 1999 1686 2060 maiestatis
1717 2006 1798 2073 tuae,

1055 2108 1116 2171 quo
1139 2093 1169 2153 in
1192 2109 1262 2154 casu
1285 2093 1390 2154 eadem
1416 2092 1545 2170 repetita
1568 2091 1797 2184 iptelligantur,

1056 2202 1133 2264 quae
1154 2185 1192 2248 de
1216 2185 1311 2261 copiis
1334 2184 1534 2247 auxiliaribus
1560 2185 1704 2262 superius
1727 2199 1799 2246 con-

1055 2279 1225 2340 stituimus.
1257 2278 1404 2340 Eamdem
1433 2295 1509 2341 vero
1531 2279 1569 2340 ob
1595 2278 1651 2340 loci
1678 2294 1800 2340 causam

1057 2373 1215 2448 regiorum
1227 2372 1420 2433 exercituum
1437 2371 1569 2433 vicarius
1587 2371 1741 2448 generalis
1755 2371 1800 2432 iu·

1057 2465 1234 2529 risdictione
1256 2471 1362 2527 utetur
1376 2466 1408 2527 in
1424 2481 1543 2540 omnes,
1554 2467 1606 2544 qui
1628 2467 1660 2526 in
1677 2467 1802 2545 quibos-

1058 2575 1193 2638 cumque
1207 2560 1337 2635 arcibus,
1350 2559 1515 2634 fortalitiis,
1528 2559 1660 2621 castellis
1671 2559 1800 2636 statiuis,

1059 2653 1315 2727 armamentariis,
1328 2653 1513 2715 nosocomiis
1527 2653 1724 2727 militaribus,
1737 2654 1802 2730 opi-

1061 2749 1136 2810 ficiis
1167 2749 1198 2809 in
1231 2763 1322 2809 usum
1355 2747 1399 2808 rei
1430 2747 1571 2808 militaris
1602 2755 1632 2808 et
1663 2747 1804 2808 nauticae

1059 2840 1225 2902 maiestatis
1241 2845 1310 2902 tuae
1326 2839 1486 2913 institutis
1504 2839 1641 2916 collegiis
1662 2839 1804 2902 militari-

1060 2934 1117 2996 bus
1137 2939 1379 3008 commorentur,
1403 2933 1435 2993 in
1457 2933 1570 3011 quibus
1591 2933 1730 2995 maiestas
1754 2941 1805 2994 tua

1060 3037 1229 3091 castrenses
1257 3026 1365 3089 habeat
1394 3027 1555 3103 parochos,
1578 3035 1630 3089 aut
1659 3026 1804 3104 expedire

1061 3129 1182 3184 censeat
1213 3120 1389 3182 huiusmodi
1419 3119 1565 3198 parochos
1596 3121 1803 3194 constituere,

1061 3225 1189 3297 excepte
1211 3217 1321 3294 oppido
1343 3216 1445 3295 Septa,
1468 3216 1686 3294 praesidiisque
1707 3217 1807 3277 mino-

1061 3312 1145 3374 ribus
1167 3312 1199 3372 in
1221 3310 1321 3371 Africa
1343 3311 1561 3384 existentibus,
1577 3310 1690 3388 quibus
1712 3309 1744 3370 in
1764 3309 1807 3369 lo-

1061 3405 1103 3466 cis
1117 3404 1299 3466 eorumdem
1314 3402 1467 3465 Ordinarii
1484 3402 1573 3481 piena
1594 3401 1806 3464 iurisdictione

1061 3498 1217 3572 fruentur,
1240 3512 1299 3574 qua
1321 3495 1469 3556 hactenus
1494 3495 1584 3573 potiti
1605 3503 1692 3570 sunt,
1715 3495 1807 3556 ratio·

1063 3606 1165 3669 neque
1177 3589 1233 3651 loci
1250 3588 1342 3665 potiri
1357 3589 1543 3664 debuerunt,
1556 3604 1670 3666 eaeque
1686 3596 1809 3651 tantum

1062 3698 1211 3761 personae
1226 3680 1392 3756 ,vicariatui
1420 3681 1574 3743 subiectae
1598 3689 1708 3757 erunt,
1731 3697 1808 3760 quae

1063 3780 1373 3856 comprehenduntur
1384 3778 1441 3840 sub
1462 3776 1528 3837 aliis
1549 3775 1666 3854 regulis
1680 3777 1818 3852 genera

1064 3871 1144 3933 libus
1166 3888 1182 3932 a
1204 3871 1293 3933 nobis
1314 3869 1502 3933 constitutis.

1104 3965 1123 4040 ὅ
1143 3965 1172 4026 9.
1196 3964 1231 4026 fn
1246 3964 1313 4025 aliis
1335 3979 1410 4024 vero
1426 3963 1558 4035 arcibus,
1581 3961 1746 4036 fortalitiis,
1763 3979 1810 4023 ca·
1854 3969 1889 4030 oa
1906 3969 1938 4014 trs
1952 3971 1996 4026 qur
2012 3973 2039 4016 rn

1064 4057 1162 4119 stellis
1181 4056 1312 4129 stativis,
1335 4055 1592 4130 armamentariis,
1612 4055 1807 4129 nosocomiis,
1828 4022 2041 4125 ῧέοέῗῃῖῑῖιῗιῗῗιξῗε

1066 4151 1193 4231 opificiis
1210 4157 1241 4212 et
1255 4149 1392 4226 collegiis
1408 4149 1594 4211 militaribus
1608 4149 1750 4227 praefatis
1765 4148 1809 4210 vi·
1829 4127 1985 4178 ⁰⁰²¹⁰⁶¹¹¹¹¹⁵

1065 4245 1191 4308 cariatui
1212 4244 1364 4306 suberunt
1386 4243 1479 4304 etiam
1493 4248 1647 4321 quotquot
1668 4243 1704 4304 iis
1720 4243 1751 4304 in
1766 4243 1810 4304 lo-

1066 4339 1109 4401 cis
1124 4339 1156 4402 in
1172 4351 1303 4414 poenam
1316 4337 1508 4411 detinentur,
1524 4351 1659 4399 necnon
1675 4338 1811 4400 damnati

1066 4434 1101 4495 ad
1114 4448 1216 4510 opera,
1229 4431 1359 4506 infirmi,
1373 4429 1497 4508 aliique,
1514 4429 1566 4506 qui
1582 4443 1811 4507 quamcumque

1067 4528 1105 4589 ob
1127 4541 1248 4588 causam
1269 4523 1304 4584 iis
1320 4523 1351 4586 in
1367 4523 1442 4585 locis
1462 4523 1648 4585 commorari
1670 4521 1810 4584 debeant.

1067 4621 1194 4682 hrciom
1221 4625 1337 4691 autem,
1360 4616 1590 4691 fortalitiorum,
1616 4615 1813 4678 castellorum

1067 4710 1316 4789 supradictorum
1353 4709 1482 4771 nomine
1513 4709 1717 4785 intelligenda
1748 4724 1813 4770 esse

1069 4804 1258 4868 declaramus
1270 4802 1333 4864 loca
1348 4801 1401 4863 illa
1416 4802 1514 4864 muris
1526 4801 1676 4862 instructa
1687 4805 1717 4862 et
1728 4816 1814 4879 prae·

1067 4896 1152 4959 sidiis
1163 4897 1296 4970 munita,
1309 4911 1443 4974 quorum
1458 4894 1590 4957 ambitus
1606 4909 1670 4956 non
1686 4908 1812 4970 pagum,

1069 5007 1133 5052 non
1155 4989 1272 5064 vicum,
1295 5003 1358 5050 non
1381 4986 1539 5067 oppidum,
1559 5003 1622 5049 non
1644 4985 1812 5059 civitatem,

1069 5089 1120 5144 aut
1142 5082 1198 5144 alia
1219 5082 1250 5144 id
1272 5096 1371 5156 genus
1392 5079 1619 5158 complectitur.

1110 5178 1128 5253 ἓ
1152 5174 1199 5237 10.
1217 5175 1348 5236 Demum
1361 5174 1566 5236 iurisdictioni
1580 5173 1733 5236 castrensi
1744 5171 1815 5234 sub-
1874 5189 1908 5252 ua
1929 5197 2046 5244 compre-

1070 5287 1137 5333 esse
1158 5269 1305 5331 volumus
1326 5267 1542 5330 ecclesiasticos
1559 5268 1653 5342 viros,
1670 5267 1724 5346 qui
1739 5266 1814 5341 legi·
1835 5239 2062 5342 ξῑξὲῗῗξὲξυῇῦέἵζ,

1070 5367 1147 5427 timo
1169 5372 1202 5425 et
1222 5370 1370 5424 consueto
1401 5376 1489 5422 more
1514 5361 1665 5437 designati
1693 5357 1816 5438 aliquod
1835 5359 1929 5396 rorum.

1071 5459 1230 5520 obtineant
1252 5471 1368 5518 munos
1389 5455 1456 5516 sire
1471 5470 1526 5532 pro
1548 5453 1815 5517 administratione

1071 5549 1218 5626 iustitiae,
1233 5550 1298 5612 sive
1320 5565 1376 5626 pro
1398 5549 1594 5626 expeditione
1612 5542 1817 5625 negociorum

1072 5645 1166 5724 ipsius
1189 5642 1420 5717 iurisdictionis,
1443 5642 1509 5703 sive
1530 5657 1586 5718 pro
1607 5657 1680 5703 cura
1701 5641 1818 5702 anima·

1072 5749 1144 5799 rom
1166 5751 1228 5798 una
1251 5750 1324 5798 cum
1345 5736 1483 5812 ipsorum
1504 5732 1628 5797 familiis
1643 5743 1675 5796 et
1690 5734 1819 5812 reliquis

1073 5831 1213 5911 personis
1235 5831 1417 5894 eorumdem
1432 5831 1560 5894 servitio
1583 5829 1720 5907 addictis,
1737 5827 1820 5909 quod

1072 5927 1174 6004 ipsum
1194 5924 1232 5986 ad
1258 5925 1349 5989 laicos
1371 5939 1494 6006 quoque
1522 5923 1640 6004 porrigi
1660 5923 1819 6004 nolumus,
