4734 7004
338 476 436 534 1110.
458 480 526 534 1759
577 480 616 546 110

557 628 670 698 111111,
683 619 715 684 ni
726 621 875 704 placuerit
887 624 919 686 in
932 631 1041 702 quarto
1052 629 1185 702 quatuor
1200 627 1297 684 tomos

557 715 658 791 edere,
682 726 734 780 aut
754 733 807 780 sex
829 717 863 780 in
886 728 991 780 octavo
1012 716 1214 794 congruentis
1235 731 1297 776 ma·

557 809 740 886 gnitudinis.

595 919 660 965 111.
684 909 818 985 Magistri
833 909 927 972 soluti
947 907 1298 972 eruntadissertationi·

556 1001 613 1064 bus
634 1001 763 1081 aliisque
785 1003 864 1066 ultra
887 1003 937 1064 hic
958 1003 1107 1082 expressis
1128 1002 1299 1064 academiae

556 1096 719 1172 oneribus;
751 1099 857 1160 eadem
887 1097 1087 1160 immunitate
1118 1097 1298 1175 gaudebunt

556 1189 668 1270 reliqui
692 1198 752 1253 tres
773 1207 915 1254 censores
930 1190 1191 1270 quemadmodum
1207 1200 1238 1253 et
1251 1206 1297 1252 se·

555 1283 714 1346 cretarius.

596 1394 672 1440 xcrr.
696 1379 794 1442 Penes
813 1380 1015 1442 secretarium
1037 1379 1098 1442 erit
1127 1376 1297 1442 academiae

554 1472 705 1550 sigillum,
731 1489 793 1551 quo
815 1480 937 1536 tantum
965 1481 1073 1537 utetur
1095 1475 1126 1536 in
1149 1471 1297 1552 epistolis,

556 1566 744 1644 caeterisque
765 1568 936 1630 academiae
957 1567 1085 1630 nomine
1105 1565 1246 1628 exaratis.

597 1675 686 1721 11111.
710 1660 784 1722 Tres
806 1659 898 1722 libros
912 1661 1089 1737 asservabit,
1106 1677 1241 1740 quorum
1256 1660 1299 1722 al-

557 1761 605 1815 ter
625 1753 776 1815 deserviat
802 1754 970 1816 scribendis
1000 1754 1171 1818 academiae
1197 1753 1296 1828 sociis,

555 1861 666 1908 eorum
688 1847 876 1923 nominibus,
889 1864 1005 1925 mense,
1028 1848 1087 1925 die,
1104 1854 1134 1910 et
1155 1864 1237 1910 anno
1252 1865 1299 1910 ac-

556 1939 738 2018 ceptationis
768 1942 935 2019 expressis:
960 1943 992 2005 in
1022 1943 1118 2005 altero
1148 1941 1299 2004 describet

556 2034 705 2112 quidquid
734 2036 913 2098 censoribus
938 2035 1094 2099 ridebitur
1125 2034 1298 2115 posteritati

556 2127 805 2191 demandandum
833 2131 941 2205 exiis,
964 2130 1096 2208 quaein
1120 2129 1300 2192 academicis

556 2223 770 2299 congressibus
783 2232 1025 2301 pertractantur:
1044 2224 1153 2287 tertius
1167 2225 1299 2302 denique

556 2331 722 2378 censorum
743 2316 910 2378 electiones
938 2318 1126 2396 continebit3
1157 2315 1301 2378 insimul-

557 2423 617 2486 que
642 2409 894 2472 dissertationum
918 2409 1094 2474 distributio
1117 2427 1173 2490 per
1197 2410 1299 2472 acade-

557 2501 636 2563 miae
657 2503 753 2564 socios
776 2518 815 2564 ex
839 2520 1004 2568 censorum
1030 2505 1216 2583 praescripto
1241 2503 1300 2566 dis-

556 2595 752 2676 pertitarum.

597 2705 681 2752 xcxv.
706 2691 808 2754 Semel
823 2700 916 2772 atque
930 2709 1030 2756 nurus
1044 2693 1144 2756 soclus
1159 2692 1298 2770 eligitur,

556 2785 713 2847 secretarii
734 2786 865 2848 interest
879 2786 1063 2849 electionem
1079 2786 1136 2865 ipsi
1155 2803 1210 2866 per
1232 2787 1301 2848 lite-

556 2895 604 2940 ras
625 2879 781 2942 nnntiarc.
807 2880 931 2942 Electus
945 2888 1049 2942 autem
1071 2895 1141 2942 cnm
1163 2880 1299 2958 primum

556 2973 727 3036 academiae
747 2973 857 3048 aderit,
880 2972 964 3036 illam
986 2974 1155 3037 honorifica
1175 2974 1299 3036 recitata

557 3067 697 3130 oratione
717 3067 878 3146 salutabit;
901 3067 926 3129 si
943 3083 1018 3130 vero
1039 3068 1127 3144 absit,
1145 3083 1201 3130 nec
1218 3068 1298 3130 intra

556 3176 673 3223 annum
694 3177 762 3240 spes
773 3161 802 3223 ei
816 3162 856 3224 sit
877 3162 1064 3224 academiam
1085 3161 1229 3237 adeundi,
1246 3178 1298 3223 un-

555 3269 633 3316 nom
649 3269 711 3316 non
727 3255 809 3318 sinat
823 3254 912 3331 elabi,
929 3255 1109 3334 priusquam
1125 3255 1221 3318 literis
1236 3271 1299 3318 aca-

555 3346 689 3408 demiam
711 3349 913 3425 gratificetur.

595 3459 666 3505 111.
691 3443 788 3506 Nemo
808 3459 847 3506 ex
867 3445 957 3506 sociis
978 3445 1135 3508 tenebitur
1157 3446 1192 3508 ad
1207 3444 1300 3507 disse-

555 3540 689 3602 rendum
701 3537 790 3600 bisin
804 3539 910 3600 eodem
926 3554 1021 3600 anno:
1040 3540 1077 3601 ab
1091 3554 1193 3601 annua
1205 3539 1297 3600 etiam

555 3632 770 3695 dissertatione
791 3632 939 3696 immunis
960 3631 1020 3694 erit
1044 3633 1242 3695 concionator
1262 3631 1298 3692 ad

554 3725 785 3788 solemnitatem
812 3726 994 3804 protectoris
1016 3726 1053 3788 ab
1075 3727 1226 3790 academia
1247 3728 1298 3788 de·

555 3825 689 3898 putatus.

596 3931 680 3976 1111.
705 3911 786 3976 Cum
807 3913 917 3992 aliquis
941 3930 979 3975 ex
1000 3913 1088 3976 sociis
1117 3912 1186 3976 iatis
1206 3915 1297 3990 cedit,

556 4017 648 4088 atque
678 4023 878 4072 communem
908 4007 1088 4070 mortalium
1124 4007 1299 4084 ingreditur

556 4104 650 4178 viam,
672 4118 815 4165 censores
843 4117 943 4164 unum
965 4117 1002 4162 11
1024 4103 1204 4165 academicis
1229 4102 1298 4163 seli-

557 4203 643 4274 gent,
660 4197 712 4274 qui
734 4197 807 4258 socii
830 4194 917 4271 iacta,
937 4211 1049 4270 mores,
1066 4195 1162 4257 vitam
1179 4195 1210 4257 in
1225 4212 1298 4274 syn-

557 4291 654 4369 opsim
687 4290 823 4365 redacta,
857 4305 959 4351 coram
989 4290 1134 4354 omnibus
1165 4291 1299 4367 praefixo

558 4392 696 4463 tempore
718 4383 867 4445 recitabit.

595 4493 692 4538 xtvn.
716 4475 970 4556 Quandoquidem
982 4478 1132 4540 academia
1155 4479 1299 4542 11118111-

555 4569 692 4632 ctissimo
707 4570 838 4632 Domino
853 4576 959 4632 nostro
971 4570 1136 4634 Benedicto
1151 4569 1231 4634 tltti.
1249 4571 1299 4632 de-

557 4663 608 4725 bet
630 4673 745 4739 crtum,
757 4678 969 4742 progressum,
985 4666 1222 4742 protectionem,
1235 4681 1299 4727 om·

557 4757 621 4820 nia:
646 4756 791 4818 omnibns
812 4757 905 4819 etiam
928 4757 1025 4820 modis
1052 4767 1175 4837 exoptat
1197 4760 1298 4822 eidem

557 4849 766 4926 Sanctissimo,
779 4858 871 4928 atque
892 4851 1080 4928 ¹spostolicae
1102 4851 1171 4916 Sedi
1193 4852 1300 4916 devin-

555 4949 629 5011 ciri:
664 4949 776 5010 idcirco
808 4947 1000 5009 tenebuntur
1030 4954 1116 5024 pater
1146 4948 1299 5024 generalis

556 5059 628 5106 cum
640 5043 779 5119 quinque
794 5041 971 5103 censoribus
985 5057 1019 5102 ac
1033 5042 1209 5116 secretario,
1225 5058 1298 5120 quo-

558 5137 612 5199 ties
634 5136 769 5212 legitime
798 5135 972 5197 constiterit
997 5134 1034 5196 de
1062 5149 1141 5194 nova
1169 5135 1299 5198 Romani

556 5229 713 5291 Pontificis
740 5227 908 5302 electione,
931 5227 1013 5289 diem
1039 5228 1217 5304 designare,
1240 5245 1299 5306 qua

557 5323 722 5384 universus
750 5328 958 5398 congregetur
985 5322 1156 5384 academiae
1177 5331 1297 5396 coetus,

557 5414 704 5492 magister
723 5413 885 5490 liturgicus
904 5429 1007 5476 coram
1022 5414 1165 5476 omnibus
1187 5415 1300 5476 oratio·

556 5523 631 5570 nem
653 5508 805 5584 recitabit,
828 5509 951 5571 noviter
978 5507 1076 5570 electo
1097 5509 1134 5570 ab
1155 5508 1299 5570 universa

556 5602 708 5664 academia
730 5603 926 5676 mittendam,
938 5618 997 5679 qua
1019 5601 1119 5663 eidem
1141 5601 1300 5665 Sanctissi-

557 5711 609 5757 mo
630 5696 734 5760 denuo
748 5696 842 5774 ipsam
863 5695 1036 5757 committat
1051 5695 1247 5770 academiam,
1265 5695 1300 5756 il·

558 5788 616 5850 lius
638 5789 764 5850 arbitrio
790 5789 968 5865 regendam,
999 5788 1211 5863 erudiendam,
1235 5805 1299 5852 mo-

558 5881 734 5944 derandam.

1073 501 1138 548 11111.
1162 503 1252 548 eunt.
1276 503 1316 548 DE
1337 504 1365 548 P·
1389 505 1419 550 lt.
1444 505 1526 550 PARS
1548 505 1569 550 1.

1390 637 1499 684 111111.
1524 623 1604 686 Cum
1619 639 1693 686 vero
1708 625 1863 688 Pontificis
1883 624 2009 686 Maximi
2023 641 2094 688 con·

1351 717 1456 793 tigerit
1487 719 1643 794 decessus,
1666 721 1814 796 magister
1842 720 1988 782 historiae
2017 727 2094 782 stata

1350 809 1400 872 die
1421 827 1476 890 per
1497 812 1667 875 academiae
1683 815 1891 876 moderatores
1913 812 2045 876 iunebre
2058 813 2094 876 il-

1351 904 1410 966 lius
1431 905 1571 982 elogium
1592 906 1741 969 recitabit.

1392 1013 1477 1060 1111.
1502 998 1593 1060 Ρ1111
1613 1000 1766 1076 generalis
1796 1001 1953 1064 tenebitur
1973 1017 2026 1062 sex
2048 1018 2094 1063 11-

1352 1093 1480 1155 nonicos
1501 1093 1660 1169 regulares
1688 1095 1837 1173 deputare
1857 1095 1892 1156 ad
1920 1094 2094 1156 auscultan-

1352 1185 1404 1247 das
1425 1185 1658 1264 praelectiones,
1674 1203 1731 1250 nec
1752 1187 2096 1265 praefixumcanonico·

1352 1297 1423 1344 rum
1445 1297 1612 1344 numerum
1635 1284 1779 1346 minuere
1794 1285 1925 1361 poterit,
1948 1299 2019 1347 cum
2041 1283 2094 1345 alt-

1351 1376 1420 1454 quis
1441 1391 1479 1436 ex
1500 1375 1667 1453 designatis
1688 1376 1838 1451 abluerit,
1861 1376 1995 1438 alterum
2017 1377 2094 1439 desi·

1353 1468 1460 1545 gnabit
1482 1469 1557 1546 ipse,
1574 1468 1624 1530 vel
1645 1470 1836 1548 quicumque
1858 1476 1933 1533 tunc
1949 1471 2096 1550 temporis

1353 1563 1468 1624 rexerit
1490 1562 1711 1625 illonasterium
1734 1562 1764 1625 S.
1789 1563 1906 1644 Crucis.

1392 1673 1419 1716 1.
1443 1655 1614 1718 tenebitur
1635 1657 1728 1718 etiam
1744 1663 1828 1734 pater
1849 1656 2003 1732 generalis
2024 1674 2095 1720 cum

1352 1747 1532 1812 dillinitorio
1553 1748 1679 1810 cuilibet
1700 1765 1738 1810 ex
1760 1749 1913 1826 magistris
1934 1751 1969 1811 ad
1991 1751 2096 1814 minus

1353 1857 1451 1903 unum
1473 1843 1656 1906 canonicum
1672 1843 1847 1920 regularem
1869 1845 1901 1905 in
1922 1843 2096 1908 adiutorem

1354 1937 1515 1998 nominare
1536 1947 1659 2016 praeter
1683 1938 1878 2014 substitutos,
1908 1940 1961 2018 qui
1983 1940 2095 2020 polleat

1356 2029 1533 2106 linguarum
1557 2031 1668 2110 peritia
1691 2030 1819 2103 latinae,
1842 2049 1979 2110 graecae,
2002 2043 2095 2112 atque

1353 2121 1512 2184 hebraicae
1540 2131 1574 2185 ut
1596 2123 1743 2200 magistro
1771 2127 1867 2202 prosit
1890 2127 1926 2188 ad
1948 2129 2095 2190 academi-

1353 2231 1403 2278 cos
1426 2214 1542 2278 labcres
1563 2215 1772 2294 perier-andos,
1795 2221 2036 2298 prosequendos,
2053 2229 2095 2282 at·

1354 2326 1414 2388 que
1435 2309 1471 2370 ad
1493 2317 1631 2388 optatum
1654 2311 1750 2372 tinem
1773 2312 2000 2392 producendos:
2023 2330 2094 2378 cum

1355 2418 1428 2464 xero
1450 2403 1563 2466 accidat
1593 2405 1766 2466 adiutorem
1796 2403 1931 2483 aliquem
1960 2407 2096 2486 qualibet

1355 2513 1392 2558 ex
1418 2511 1511 2558 causa
1534 2495 1677 2572 deficere,
1707 2498 1800 2560 alium
1829 2497 1986 2577 deputabit
2013 2508 2096 2579 pater

1355 2588 1518 2667 generalis,
1541 2595 1594 2652 aut
1621 2591 1810 2670 quicumque
1836 2593 1902 2652 eius
1927 2593 2009 2655 vices
2031 2609 2095 2670 ges·

1353 2684 1461 2745 serint.

1395 2795 1434 2838 11.
1467 2780 1554 2842 Pater
1583 2779 1735 2858 generalis
1762 2782 1889 2860 deputet
1918 2797 2014 2844 unam
2044 2783 2095 2844 do-

1354 2887 1442 2934 mum
1455 2875 1619 2952 magistris,
1633 2889 1711 2954 quae
1725 2875 1765 2934 sit
1780 2873 1963 2938 bibliotheca
1975 2877 2096 2955 propria

1354 2967 1569 3031 cathedrarum
1590 2970 1622 3031 in
1645 2988 1704 3049 qna
1727 2971 1866 3047 magistri
1887 2986 1960 3033 com
1984 2973 2096 3035 substi-

1355 3065 1430 3126 tutis
1451 3063 1593 3127 conlerre
1607 3067 1737 3143 possint,
1754 3065 1844 3128 dubia
1867 3067 2030 3145 discutere,
2049 3085 2096 3134 res

1354 3157 1492 3222 diliiciles
1513 3160 1548 3221 ad
1579 3160 1728 3222 trutinam
1756 3163 1944 3241 appendere,
1967 3171 2003 3226 nt
2025 3164 2097 3227 inde

1354 3257 1568 3318 verisimiliora
1589 3257 1753 3334 deducant,
1768 3275 1845 3338 quae
1862 3259 1958 3322 literis
1979 3261 2011 3321 in
2033 3277 2097 3323 aca-

1354 3351 1473 3413 demiae
1503 3368 1536 3413 ac
1564 3353 1657 3414 totius
1690 3353 1951 3430 congregationis,
1978 3353 2096 3416 bonnm

1353 3449 1457 3524 postea
1469 3441 1668 3520 mandentur,
1684 3461 1717 3507 ac
1730 3445 1834 3524 111111
1849 3446 2094 3508 committantur.

1394 3555 1447 3600 111.
1473 3539 1585 3600 [lomus
1597 3539 1651 3599 ista
1667 3536 1773 3600 eadem
1789 3538 1950 3616 privilegia
1966 3539 2095 3615 tenebit,

1353 3639 1446 3710 atque
1476 3631 1597 3710 publica
1626 3632 1804 3692 monasterii
1832 3631 2024 3696 bibliotheca.
2051 3632 2097 3694 Ex

1354 3727 1408 3790 hac
1429 3729 1464 3790 ad
1493 3727 1591 3805 ipsam
1617 3725 1725 3789 deduci
1757 3735 1905 3804 poterunt
1930 3726 2017 3800 libri,
2041 3727 2094 3806 qni

1354 3820 1510 3896 magistris
1536 3819 1699 3882 necessarii
1720 3819 1956 3895 existimentur,
1978 3821 2096 3882 monito

1355 3921 1476 3976 tantum
1499 3913 1743 3987 bibliothecario,
1760 3928 1836 3991 quos
1855 3914 1980 3991 quidem
2002 3913 2096 3976 libros

1352 4007 1458 4068 statim
1479 4013 1631 4084 reponent
1646 4006 1678 4067 in
1694 4005 1876 4068 bibliotheca
1898 4007 2029 4085 publica,
2042 4025 2098 4070 nec

1354 4099 1435 4161 ultra
1450 4099 1514 4160 dies
1529 4099 1708 4178 quindecim
1723 4107 1870 4177 poterunt
1893 4102 1925 4164 in
1942 4103 1994 4164 hac
2006 4102 2097 4165 domo

1354 4193 1493 4254 retineri.

1393 4304 1461 4349 1111.
1486 4289 1520 4350 11
1543 4287 1603 4366 ipsa
1619 4285 1710 4349 domo
1728 4289 1910 4350 secretarius
1931 4289 2096 4352 asservabit

1354 4381 1457 4443 omnia
1479 4381 1698 4460 manuscripta,
1715 4381 1820 4458 libros,
1834 4391 1864 4446 et
1885 4399 2098 4463 quaecumque

1356 4475 1411 4554 ipsi
1433 4475 1652 4538 adscribuntur
1673 4475 1705 4536 in
1728 4476 1949 4538 ministerium.

1394 4586 1455 4631 mv.
1480 4569 1586 4648 Neque
1613 4570 1770 4645 magistri,
1793 4585 1897 4647 nequo
1924 4571 2014 4634 etiam
2037 4572 2097 4634 dno

1355 4664 1492 4726 canonici
1514 4662 1668 4724 adiutores
1683 4662 1872 4741 quibuslibet
1894 4665 2099 4726 communita-

1356 4758 1393 4819 tis
1404 4757 1556 4820 exercitiis
1568 4756 1661 4818 etiam
1673 4774 1688 4817 a
1701 4765 1787 4835 patre
1799 4756 1937 4834 generali
1949 4759 2098 4836 adstringi

1355 4857 1515 4931 poterunt,
1539 4851 1598 4914 nisi
1620 4850 1656 4911 ad
1679 4849 1747 4926 illa,
1771 4852 1883 4930 quibus
1908 4860 2031 4916 tenetur
2052 4869 2099 4914 ar·

1354 4947 1433 5008 tium
1457 4944 1552 5006 lector
1573 4944 1606 5005 in
1625 4943 1757 5020 collegio
1777 4945 1955 5023 sapientiae.

1394 5057 1441 5101 11.
1465 5039 1602 5116 llagistri
1625 5040 2018 5102 duodenariumannornm
2041 5057 2098 5103 nu-

1354 5149 1478 5195 merum
1500 5133 1533 5195 in
1555 5133 1707 5194 academia
1731 5132 1933 5211 complentes,
1956 5133 2099 5212 aequales

1354 5229 1387 5288 in
1409 5227 1554 5288 omnibus
1575 5235 1762 5289 censeantur
1780 5227 1908 5305 reliquis
1924 5229 2101 5304 congrega-

1355 5321 1449 5382 tionis
1471 5321 1627 5397 magistris
1652 5319 1801 5396 emeritis,
1825 5335 1883 5382 nec
1904 5336 2041 5399 unquam
2062 5321 2099 5382 ab

1354 5413 1483 5476 huiusce
1493 5413 1664 5476 academiae
1676 5429 1803 5492 corpore
1814 5420 2000 5477 censeantur
2013 5413 2099 5476 avul-

1353 5508 1378 5567 si
1400 5515 1452 5568 aut
1473 5506 1577 5569 alieni.

1394 5617 1455 5663 111.
1479 5600 1539 5663 Pro
1560 5599 1776 5664 cathedrarum
1798 5605 1880 5676 dote,
1898 5619 1931 5662 ac
1946 5601 2099 5664 lectorum

1355 5703 1386 5756 et
1413 5693 1653 5758 substitutorum
1683 5709 1817 5770 congrua
1851 5694 2099 5757 substentatione

1355 5787 1461 5851 Ssritus
1489 5787 1636 5851 Dominus
1665 5797 1768 5849 noster
1799 5788 1982 5851 Benedictus
2014 5787 2095 5852 lllll.

1355 5891 1487 5961 quatuor
1508 5880 1647 5942 ecclesias
1668 5880 1838 5942 academiae
1860 5881 1974 5956 univit,
1997 5888 2028 5942 et
2050 5881 2097 5942 in-

2127 487 2181 544 11.
2196 494 2226 544 d.
2247 494 2307 548 ltus
