4740 6962
921 585 992 629 ritis
1013 585 1061 631 PP·
1086 585 1128 629 Vi.

254 701 449 777 proveniant,
472 711 502 766 ιι
523 709 595 766 tuae
624 703 718 766 bonae
741 704 840 766 famae
865 702 939 763 odor
959 717 997 763 ιιι

254 793 314 854 inis
332 793 537 859 laudabilibus
551 795 667 860 actibus
682 797 772 859 latius
788 795 996 871 diffundatur3

252 886 378 964 ipsaque
409 888 618 966 patriarchalis
645 889 778 953 Ecclesia
806 888 998 951 Antiochena

252 979 404 1057 Syrorum
425 981 625 1058 gubernatori
646 983 774 1062 provido
795 989 826 1045 et
840 981 999 1044 fructuoso

251 1072 493 1135 administratori
515 1077 645 1152 gartdeat
666 1093 698 1138 se
719 1076 929 1138 commissam:
951 1079 998 1135 tu·

251 1182 322 1245 que,
346 1174 468 1244 praeter
498 1176 641 1231 aeternae
672 1169 886 1232 retributionis
913 1181 999 1245 prae·

251 1259 362 1335 mium,
386 1269 523 1323 nostram
546 1267 576 1324 et
597 1263 694 1326 dictae
712 1262 797 1326 Sedis
811 1259 997 1324 benedictio·

251 1368 322 1415 nem
343 1363 375 1416 ιι
395 1355 528 1432 gratiam
558 1356 671 1419 exinde
701 1355 825 1418 uberius
850 1352 997 1430 consequi

251 1449 409 1510 merearis.

289 1540 360 1615 54.
385 1541 619 1608 venerabilibus
642 1549 803 1622 propterea
824 1541 916 1604 etiam
938 1539 996 1601 fra-

252 1634 348 1698 tribus
379 1637 492 1700 nostris
513 1636 755 1718 archiepiscopis
782 1643 814 1699 et
841 1632 997 1714 Episcopis

251 1730 463 1806 suffraganeis,
486 1747 519 1793 ac
540 1729 658 1794 dilectis
674 1733 766 1794 eti-am
782 1729 854 1793 liliis
868 1727 950 1790 clero
965 1734 996 1788 ιι

252 1825 388 1888 vassallis
409 1824 507 1888 dictae
529 1825 734 1904 patriarchalis
762 1823 911 1887 Ecclesiae
934 1822 997 1883 hn-

252 1920 412 1982 tiochenae
441 1916 603 1997 Syrorum,
625 1925 655 1980 et
677 1918 791 1996 populo
812 1915 943 1978 civitatis
965 1921 995 1976 et

251 2012 397 2075 dioecesis
417 2011 627 2076 Antiochenae
653 2012 790 2074 eiusdem
816 2008 933 2089 Syriaci
955 2008 997 2068 ri-

254 2114 301 2169 tus
328 2122 383 2186 por
411 2105 572 2186 apostolica
601 2106 712 2185 scripta
742 2106 937 2178 mandamus,
961 2110 995 2165 ut

250 2199 435 2276 suffraganei
453 2199 507 2262 tibi
520 2207 676 2279 tamquam
692 2199 830 2262 membra
842 2197 932 2278 capiti
943 2196 995 2258 ob-

250 2302 415 2372 sequentes
435 2301 466 2355 et
485 2293 655 2371 capitulum
670 2292 726 2355 tibi
742 2299 899 2370 tamquam
916 2290 995 2370 patri

251 2395 279 2449 et
301 2387 416 2467 pastori
436 2386 612 2449 animarum
628 2401 757 2449 suarum
771 2384 934 2448 humiliter
949 2385 994 2446 in-

252 2482 425 2556 tendentes,
457 2480 623 2543 exhibeant
652 2481 706 2542 tibi
735 2479 944 2542 obedientiam
964 2487 996 2540 ιι

249 2573 459 2637 reverentiam
491 2573 607 2636 debitas
628 2582 659 2635 ιι
681 2573 816 2636 devotas.
850 2572 892 2634 lta
914 2571 995 2651 quod

250 2673 357 2730 mutua
378 2668 462 2728 inter
481 2672 513 2728 te
535 2675 565 2728 ιι
580 2667 660 2745 ipsos
672 2665 883 2742 suffraganeos
899 2665 996 2742 gratia

249 2768 351 2839 gratos
370 2761 517 2823 sortiatur
538 2759 676 2835 effectus,
700 2767 730 2821 et
752 2776 807 2822 nos
822 2771 931 2822 eorum
945 2756 996 2820 de·

249 2855 409 2917 votionem
440 2853 592 2932 possimus
623 2860 785 2932 propterea
810 2853 842 2915 in
864 2851 995 2914 Domino

249 2949 361 3011 merito
382 2947 617 3024 commendare3
640 2963 673 3008 ac
695 2947 796 3009 clerus
818 2955 849 3008 te
869 2961 924 3024 pro
940 2961 994 3007 no-

247 3052 311 3106 stro
332 3050 364 3104 et
385 3041 526 3104 eiusdem
546 3040 625 3103 sedis
655 3040 831 3102 reverentii
857 3039 995 3117 benigne

248 3135 433 3213 recipientes
454 3142 485 3196 et
506 3132 676 3195 honorifice
694 3139 926 3212 pertractantes,
943 3139 994 3194 tua

247 3229 379 3292 salubria
400 3227 520 3290 monita
541 3234 572 3288 ct
593 3225 735 3289 mandata
756 3227 923 3305 suscipiant
937 3228 993 3290 hu·

248 3323 367 3386 militer
388 3328 419 3382 et
440 3319 602 3383 efficaciter
621 3319 791 3398 adimplere
806 3329 993 3398 procurent;

247 3415 379 3495 populus
400 3429 476 3476 vero
497 3423 527 3474 te
547 3421 703 3491 tamquam
718 3421 838 3491 patrem
853 3423 884 3476 et
899 3425 994 3494 pasto

248 3526 315 3572 rem
336 3509 515 3570 animarum
540 3523 665 3569 suarum
694 3507 805 3570 devote
826 3511 994 3588 suscipien-

248 3614 291 3667 tes
313 3611 346 3665 et
366 3602 467 3666 debiti
497 3601 735 3664 honorificentie
757 3613 992 3682 prosequentes,

248 3699 307 3763 luis
328 3695 457 3758 monitis
479 3704 509 3758 ιι
530 3695 682 3758 mandatis
701 3695 875 3758 salubribus
892 3699 994 3761 humi·

247 3794 318 3856 liter
339 3791 518 3866 intendant,
541 3790 580 3852 ita
603 3791 684 3868 quod
701 3799 734 3853 ιιι
750 3793 782 3856 in
797 3794 841 3855 eis
855 3795 995 3859 devotio·

248 3888 294 3950 nis
315 3886 408 3960 filios,
430 3895 461 3946 ιι
482 3884 539 3962 ipsi
561 3884 593 3945 in
617 3893 646 3945 ιι
668 3901 723 3963 per
737 3903 929 3968 consequens
944 3907 995 3970 pa·

248 3990 326 4043 trem
349 3977 539 4042 benevolum
561 3979 717 4042 invenisse
738 3982 911 4062 gaudeatis3
928 4003 994 4047 vas·

246 4074 312 4136 salli
333 4082 439 4134 autem
460 4072 585 4149 praefati
609 4081 639 4134 ιι
661 4074 764 4136 debito
786 4077 906 4140 honore
923 4094 994 4156 pro-

246 4172 422 4244 sequentes,
447 4164 501 4228 tibi
522 4165 701 4228 fidelitatem
727 4169 848 4231 solitam
870 4180 901 4234 et
922 4190 994 4236 con-

184 4327 195 4342 ,
247 4269 331 4324 sueta
353 4260 481 4321 servitia
503 4269 533 4322 ιι
555 4259 620 4321 iura
644 4260 698 4322 tibi
720 4262 815 4324 abeis
830 4264 930 4327 debita
946 4269 992 4330 in-

247 4363 333 4432 tegre
351 4352 501 4414 exhibere
515 4360 698 4430 procurent,
716 4355 852 4434 alioquin
866 4367 993 4423 senten·

248 4448 321 4510 tiam
342 4447 410 4508 sire
440 4461 581 4525 poenam,
604 4462 697 4524 quam
726 4450 786 4511 rite
808 4451 916 4515 tuleris
936 4471 992 4519 seu

246 4539 389 4603 statueris
411 4539 443 4600 in
469 4539 611 4615 rebelles
634 4548 731 4603 ratam
759 4542 940 4609 habebimus
961 4557 992 4611 et

246 4635 405 4708 faciemus,
417 4640 541 4694 auctore
556 4633 699 4710 Domim,
715 4638 863 4716 usquead
878 4642 992 4703 satisfa-

247 4729 380 4793 ctionem
393 4725 579 4804 condignam
589 4727 811 4792 inviolabiliter
822 4732 988 4796 observari.

285 4822 303 4897 ἓ
323 4821 353 4882 b'.
372 4819 526 4883 Volumus
540 4828 656 4896 autem,
669 4822 751 4900 quod
768 4831 811 4900 tn,
824 4833 991 4906 antequam

248 4915 394 4992 regimini
415 4921 446 4976 ct
468 4913 730 4978 administrationi
751 4917 849 4981 dictae
864 4923 991 4998 patriar·

248 5008 339 5070 chalis
355 5007 507 5070 Ecclesiae
519 5008 730 5072 antiochenae
745 5010 895 5090 Syrorum
913 5021 943 5076 te
958 5019 991 5077 in

247 5101 349 5181 aliquo
369 5101 555 5177 immisceas,
577 5103 609 5163 in
632 5103 774 5166 manibus
795 5105 923 5169 alicuius
945 5125 992 5170 ca-

248 5195 350 5260 tholici
365 5195 535 5271 Antistitis,
546 5196 676 5272 gratiam
691 5205 721 5258 ιι
735 5201 991 5264 communionem

248 5290 330 5353 Sedis
352 5289 544 5368 Apostolicac
573 5289 713 5352 habentis
735 5300 765 5352 ιι
786 5292 819 5353 in
843 5293 902 5355 illis
924 5311 990 5374 par-

247 5383 325 5445 tibus
347 5383 580 5458 commorantis
603 5383 758 5446 fidelitatis
780 5386 900 5448 debitae
920 5387 991 5449 soli·

249 5485 312 5539 tum
333 5477 545 5538 iuramentum
567 5487 721 5555 praestare
741 5477 826 5540 iuria
849 5497 943 5542 unam
959 5489 990 5544 et
1024 5513 1027 5518 ·

286 5691 315 5746 (l)
331 5693 368 5735 Ex
382 5695 445 5747 Reg.
461 5691 501 5736 lit.
516 5691 550 5736 ad
564 5691 697 5750 Principes
712 5696 735 5739 h.
748 5706 771 5741 a.
784 5699 989 5745 transcribimus

249 5768 283 5812 ep.
297 5759 330 5804 ad
345 5761 469 5815 imperat.
485 5759 603 5805 missam.

249 5897 416 5948 imperatrici
429 5897 594 5940 Ruesiarum
609 5902 742 5944 rationem
756 5903 867 5953 seponit
879 5913 930 5946 cur
940 5907 990 5948 itis·

285 5965 376 6007 tuterit
385 5965 648 6017 Arcbiepiscopctom
658 5967 824 6012 Mobttooien.
837 5971 945 6021 eripere,
957 5975 990 6014 ei·

350 6085 401 6131 fur.
420 6085 489 6132 l’aot.
505 6083 535 6131 de
552 6085 624 6146 l'rop.
639 6085 701 6133 l'ide
716 6089 797 6136 Partis
811 6092 829 6136 1.
846 6089 898 6137 vol.
914 6093 953 6138 lv.

1054 700 1124 763 fulci
1145 703 1310 765 catholicae
1324 702 1546 784 professionem
1560 697 1767 764 Orientalibus
1782 712 1796 755 a

1054 795 1131 859 Sede
1147 796 1318 875 Apostolici
1334 795 1464 876 praefati
1480 795 1698 874 praescriptam
1713 793 1796 853 iuxta

1053 889 1180 952 alteram
1202 889 1314 952 formas
1334 889 1546 970 praesentibus
1568 889 1725 949 adnotatas
1745 899 1797 945 ιιι-

1053 998 1155 1060 presse
1185 984 1342 1059 emittere,
1363 985 1413 1046 coi
1434 999 1489 1062 per
1518 987 1693 1061 praesentes
1715 995 1798 1041 com·

1053 1075 1208 1138 mittimus
1228 1085 1259 1139 et
1276 1079 1471 1153 mandamus,
1488 1086 1522 1139 ut
1538 1077 1602 1154 ipse
1615 1091 1632 1136 a
1647 1081 1676 1136 te
1691 1081 1797 1134 nostro

1053 1175 1083 1228 et
1105 1168 1259 1232 Romanae
1274 1171 1424 1234 Ecclesiae
1439 1169 1569 1232 nomine
1584 1169 1797 1230 iuramentum

1053 1277 1086 1322 ac
1107 1263 1329 1339 professionem
1352 1265 1529 1327 huiusmodi
1552 1263 1688 1342 recipiat,
1705 1268 1736 1322 et
1754 1260 1798 1322 sic

1053 1373 1068 1416 a
1090 1363 1121 1417 te
1142 1358 1278 1434 praestiti
1297 1358 1466 1421 iuramenti
1487 1366 1518 1420 et
1540 1357 1669 1419 emissae
1683 1354 1797 1435 profes-

1051 1449 1147 1511 sionis
1167 1451 1279 1513 formas
1301 1452 1478 1515 huiusmodi
1499 1450 1534 1514 ad
1557 1451 1697 1513 eamdem
1717 1449 1797 1511 Gon-

1053 1543 1265 1621 gregationem
1286 1545 1323 1608 de
1344 1545 1541 1624 Propagandi
1562 1545 1635 1608 Eide
1649 1544 1685 1605 de
1700 1543 1797 1604 verbo

1052 1640 1087 1700 ad
1109 1639 1241 1701 verbum
1263 1656 1318 1718 per
1348 1647 1415 1702 tuas
1436 1647 1576 1719 patentes
1602 1639 1719 1713 literas,
1743 1645 1796 1699 tuo

1050 1731 1153 1808 sigillo
1185 1733 1332 1810 munitas,
1362 1733 1442 1796 infra
1470 1734 1642 1812 praefixum
1675 1739 1797 1810 tempus

1053 1825 1265 1889 transmittere
1286 1827 1458 1906 respective
1472 1826 1600 1888 omnino
1618 1825 1760 1888 tenearis.

1090 1921 1109 1994 ἓ
1130 1921 1158 1982 6.
1184 1921 1294 1982 Forma
1308 1929 1414 1983 antem
1428 1920 1596 1982 iuramenti
1614 1920 1696 1996 quod
1711 1935 1797 1997 prae-

1050 2014 1141 2077 stabis
1162 2014 1236 2077 haec
1254 2021 1313 2076 est:

1091 2109 1189 2184 «Ego
1211 2108 1375 2186 Dionysius
1404 2107 1532 2170 Michael
1553 2107 1665 2170 Giarve
1694 2121 1796 2183 nuper

1051 2219 1069 2261 ι
1085 2201 1252 2280 Episcopus
1267 2202 1449 2281 hleppensis
1465 2201 1497 2262 in
1512 2200 1719 2262 Patriarcham
1734 2202 1796 2261 Αιι-

1051 2311 1069 2353 ι
1085 2296 1265 2357 tiochenum
1286 2291 1438 2372 Syrorum
1460 2293 1587 2368 electus,
1600 2293 1637 2354 ab
1650 2294 1706 2354 hac
1723 2293 1796 2352 hora

1051 2406 1069 2446 ι
1084 2387 1118 2450 in
1139 2395 1228 2449 antea
1249 2387 1347 2449 fidelis
1362 2396 1393 2449 et
1407 2387 1551 2450 obediens
1566 2402 1621 2448 ero
1636 2387 1728 2448 Beato
1743 2384 1797 2447 Pe·

1051 2499 1068 2540 ι
1085 2488 1133 2542 ιιι
1154 2479 1337 2559 sanctaeque
1358 2481 1548 2559 apostolicae
1570 2481 1726 2542 Romanae
1740 2479 1795 2541 Ec·

1051 2592 1069 2634 ι
1084 2574 1193 2636 clesiae
1214 2591 1248 2636 ac
1262 2574 1388 2636 domino
1404 2581 1509 2636 nostro
1524 2574 1577 2636 Pio
1592 2574 1687 2652 Papae
1702 2571 1797 2636 Serto

1051 2667 1210 2745 »suisque
1230 2667 1456 2729 successoribus
1472 2673 1528 2730 ιιι.
1542 2687 1561 2728 ι
1578 2667 1711 2746 Reliqua
1726 2668 1797 2730 eide

1050 2777 1151 2840 sopra
1173 2778 1239 2841 pag.
1264 2761 1313 2825 56.

1090 2858 1109 2932 5
1131 2857 1159 2918 7.
1183 2859 1293 2920 Forma
1316 2872 1390 2918 vero
1404 2856 1602 2935 professionis
1617 2855 1688 2918 fidei
1702 2873 1796 2935 quam

1051 2951 1174 3014 emittes
1196 2951 1271 3014 haec
1292 2956 1355 3012 est:

1090 3046 1189 3122 «Ego
1210 3045 1375 3122 Dionysius
1397 3045 1525 3107 llichael
1546 3045 1656 3108 Giarve
1675 3046 1797 3125 Episco-

1050 3161 1068 3199 ι
1084 3155 1140 3218 pus
1156 3154 1257 3219 nuper
1271 3138 1450 3218 hleppensis
1466 3139 1497 3199 in
1514 3139 1720 3201 Patriarcham
1736 3139 1797 3202 Αιι-

1051 3233 1265 3296 ιιιιιιιιιιιιιιι
1296 3231 1446 3311 Syrorum
1472 3231 1598 3307 electus,
1626 3233 1714 3294 farma
1737 3233 1797 3296 lide

1049 3346 1067 3388 ι
1083 3327 1175 3390 credo
1195 3333 1226 3387 et
1247 3327 1395 3405 profiteor
1416 3325 1519 3386 omnia
1535 3332 1566 3386 et
1581 3325 1703 3403 singula
1719 3343 1797 3404 quae

1050 3421 1284 3484 »continentur
1305 3418 1338 3480 in
1359 3417 1498 3497 symbolo
1523 3419 1594 3481 fidei
1616 3434 1677 3498 quo
1700 3419 1730 3483 S.
1756 3420 1791 3482 ll.

1050 3533 1067 3574 ι
1083 3513 1216 3576 Ecclesia
1232 3512 1344 3587 utitur,
1357 3511 1514 3574 videlieet:
1533 3511 1631 3574 Credo
1645 3513 1677 3576 in
1695 3530 1796 3576 unum

1050 3609 1182 3669 »Deum
1208 3607 1330 3667 Patrem
1357 3605 1616 3682 omnipotentem,
1649 3603 1796 3668 factorem

1050 3719 1068 3759 ιι
1083 3699 1157 3760 caeli
1172 3706 1204 3759 ιι
1218 3704 1332 3773 terrae,
1349 3705 1436 3758 ete.»
1451 3694 1519 3757 liei.
1534 3696 1604 3758 cide
1618 3712 1690 3774 sup.
1704 3713 1732 3775 p.
1744 3697 1793 3759 55.

1089 3810 1108 3854 ι
1120 3792 1186 3868 Ego
1197 3789 1280 3852 idem
1292 3789 1453 3867 Dionysius
1465 3787 1591 3851 blichael
1603 3788 1714 3851 Giarve
1724 3790 1796 3870 Epi-

1049 3899 1190 3963 »scopus
1212 3897 1313 3960 nuper
1335 3879 1515 3960 hleppensis
1536 3882 1570 3942 in
1587 3881 1794 3946 Patriarcham

1050 3998 1067 4039 ι
1083 3978 1313 4040 hntiochenum
1325 3974 1477 4052 Syrorum
1487 3973 1636 4052 spondeo,
1650 3991 1748 4037 voveo
1763 3986 1794 4039 et

1049 4092 1067 4130 ι
1082 4073 1163 4145 iuro,
1179 4069 1222 4132 ιιι
1244 4083 1295 4130 me
1310 4068 1389 4129 Deus
1403 4067 1530 4129 adiuret
1552 4077 1582 4129 et
1603 4068 1677 4129 haec
1691 4077 1794 4132 sancta
1895 4093 1899 4108 ¹

1049 4183 1066 4225 ι
1081 4165 1136 4226 Dei
1158 4161 1336 4238 Evangelia.
1353 4178 1371 4220 ι

1088 4259 1200 4321 Datum
1221 4255 1335 4317 Romae
1355 4253 1431 4332 apud
1456 4254 1486 4318 S.
1504 4255 1631 4317 Petrum
1647 4272 1729 4318 anno
1744 4257 1793 4320 Ia-

1048 4351 1233 4416 carnatlonis
1247 4347 1424 4412 Dominicae
1439 4347 1606 4410 millesimo
1616 4350 1794 4428 septingen-

1049 4447 1158 4508 tesimo
1187 4443 1374 4518 octogesimo
1404 4440 1511 4516 tertio,
1542 4439 1661 4505 decimo
1686 4454 1794 4506 octavo

1048 4540 1194 4603 kalendas
1209 4537 1350 4611 ianuarii,
1365 4534 1472 4615 pontii.
1488 4538 1585 4598 nostri
1601 4553 1684 4601 anno
1696 4557 1792 4602 nono.

1380 4778 1455 4842 XLI.

1050 4918 1230 4984 Committit
1247 4916 1446 4996 lepatoapud
1459 4915 1608 4980 Rosciae.
1622 4918 1789 4996 imperatr.

1087 5013 1239 5090 deputato
1270 5011 1460 5072 erectio-aem
1495 5011 1791 5090 archiepiscopatus

1087 5105 1185 5168 lotioi
1214 5105 1302 5166 ritus
1330 5104 1364 5165 io
1392 5104 1524 5166 civitate
1552 5105 1792 5178 dictitaverat,-

1085 5202 1271 5277 potestatem
1303 5199 1426 5278 confert
1460 5197 1597 5277 elipandi
1626 5199 1792 5278 Arcbiepi-

1085 5307 1213 5370 scopam
1234 5307 1307 5354 cum
1330 5291 1558 5356 iurisdictione
1573 5295 1608 5356 irc
1623 5311 1727 5356 omres
1743 5314 1792 5358 ca·

1087 5385 1219 5449 tholicos
1241 5386 1338 5448 lotioi
1361 5388 1446 5449 ritus
1464 5390 1500 5450 iat
1516 5388 1695 5452 ditionibus
1709 5391 1792 5452 cius-

1086 5481 1153 5543 dem
1174 5481 1395 5559 imperatricis
1417 5488 1474 5543 etc.
1500 5481 1555 5564 (l).

1086 5713 1136 5754 que
1157 5704 1318 5754 Episcopum
1339 5703 1492 5746 Maliensem
1511 5707 1665 5757 praeficere,
1686 5715 1717 5748 ac
1730 5709 1791 5748 Pre-

1085 5751 1223 5821 summaria
1232 5772 1434 5813 Benistavatsclii
1444 5773 1517 5813 itlius
1527 5774 1708 5815 coadiutorem
1718 5777 1791 5825 elipe-

1085 5841 1139 5880 ret:
1153 5845 1264 5888 eamque
1277 5840 1417 5880 certiorem
1432 5839 1526 5886 reddit,
1538 5849 1565 5880 se
1572 5843 1737 5891 peculiarem
1747 5845 1791 5885 ad-

1085 5907 1244 5948 ministrum
1264 5907 1423 5951 missurum,
1441 5907 1472 5946 ut
1485 5906 1548 5948 baec
1570 5909 1662 5950 ornnia
1675 5917 1791 5958 exequu-

1084 5975 1152 6016 tioai
1172 5973 1347 6016 prandeatur.
1370 5973 1456 6024 nopai
1476 5976 1591 6023 tamdem,
1613 5979 1644 6018 ιιι
1665 5977 1791 6020 Ecclesiae

1659 6098 1685 6141 35

1720 559 1779 623 273
1828 557 1882 612 An.
1897 559 1928 613 G.
1949 557 2017 611 1783
