<?xml version="1.0" encoding="UTF-8"?>
<!DOCTYPE html PUBLIC "-//W3C//DTD XHTML 1.0 Transitional//EN"
    "http://www.w3.org/TR/xhtml1/DTD/xhtml1-transitional.dtd">
<html xmlns="http://www.w3.org/1999/xhtml" xml:lang="en" lang="en">
 <head>
  <title>
</title>
<meta http-equiv="Content-Type" content="text/html;charset=utf-8" />
  <meta name='ocr-system' content='tesseract 3.04.00' />
  <meta name='ocr-capabilities' content='ocr_page ocr_carea ocr_par ocr_line ocrx_word'/>
</head>
<body>
  <div class='ocr_page' id='page_1' title='image "./iurispontificii00martgoog_0684.png"; bbox 0 0 4808 6988; ppageno 0'>
   <div class='ocr_carea' id='block_1_1' title="bbox 948 585 1159 636">
    <p class='ocr_par' dir='ltr' id='par_1_1' title="bbox 948 585 1159 636">
     <span class='ocr_line' id='line_1_1' title="bbox 948 585 1159 636; baseline -0.009 -2"><span class='ocrx_word' id='word_1_1' title='bbox 948 589 1005 636; x_wconf 81' lang='lat' dir='ltr'>tito</span> <span class='ocrx_word' id='word_1_2' title='bbox 1027 588 1076 634; x_wconf 79' lang='lat' dir='ltr'>PP·</span> <span class='ocrx_word' id='word_1_3' title='bbox 1101 585 1159 634; x_wconf 75' lang='lat' dir='ltr'>XH-</span> 
     </span>
    </p>
   </div>
   <div class='ocr_carea' id='block_1_2' title="bbox 277 707 1025 1166">
    <p class='ocr_par' dir='ltr' id='par_1_2' title="bbox 277 707 1025 1166">
     <span class='ocr_line' id='line_1_2' title="bbox 277 707 1025 776; baseline 0 -6"><span class='ocrx_word' id='word_1_4' title='bbox 277 709 513 776; x_wconf 88' lang='lat' dir='ltr'>sacramentales</span> <span class='ocrx_word' id='word_1_5' title='bbox 522 709 675 773; x_wconf 89' lang='lat' dir='ltr'>iuvenum</span> <span class='ocrx_word' id='word_1_6' title='bbox 686 709 892 774; x_wconf 81' lang='lat' dir='ltr'>contessiones</span> <span class='ocrx_word' id='word_1_7' title='bbox 900 707 1025 771; x_wconf 91' lang='lat' dir='ltr'>audien-</span> 
     </span>
     <span class='ocr_line' id='line_1_3' title="bbox 278 801 1025 882; baseline -0.001 -19"><span class='ocrx_word' id='word_1_8' title='bbox 278 801 341 879; x_wconf 89' lang='lat' dir='ltr'>das,</span> <span class='ocrx_word' id='word_1_9' title='bbox 364 819 476 866; x_wconf 90' lang='lat' dir='ltr'>verum</span> <span class='ocrx_word' id='word_1_10' title='bbox 498 804 590 867; x_wconf 89' lang='lat' dir='ltr'>etiam</span> <span class='ocrx_word' id='word_1_11' title='bbox 610 811 733 882; x_wconf 89' lang='lat' dir='ltr'>praeter</span> <span class='ocrx_word' id='word_1_12' title='bbox 754 803 907 878; x_wconf 82' lang='lat' dir='ltr'>ordinem,</span> <span class='ocrx_word' id='word_1_13' title='bbox 929 817 1025 882; x_wconf 90' lang='lat' dir='ltr'>quan·</span> 
     </span>
     <span class='ocr_line' id='line_1_4' title="bbox 278 895 1023 976; baseline 0 -20"><span class='ocrx_word' id='word_1_14' title='bbox 278 895 453 976; x_wconf 91' lang='lat' dir='ltr'>documque</span> <span class='ocrx_word' id='word_1_15' title='bbox 479 906 605 961; x_wconf 88' lang='lat' dir='ltr'>vocatus</span> <span class='ocrx_word' id='word_1_16' title='bbox 633 898 738 974; x_wconf 84' lang='lat' dir='ltr'>luerit,</span> <span class='ocrx_word' id='word_1_17' title='bbox 761 896 912 960; x_wconf 90' lang='lat' dir='ltr'>eiusmodi</span> <span class='ocrx_word' id='word_1_18' title='bbox 933 895 1023 958; x_wconf 84' lang='lat' dir='ltr'>odicii</span> 
     </span>
     <span class='ocr_line' id='line_1_5' title="bbox 278 991 1025 1071; baseline 0 -19"><span class='ocrx_word' id='word_1_19' title='bbox 278 998 379 1067; x_wconf 79' lang='lat' dir='ltr'>partes</span> <span class='ocrx_word' id='word_1_20' title='bbox 393 991 543 1071; x_wconf 80' lang='lat' dir='ltr'>implebit.</span> <span class='ocrx_word' id='word_1_21' title='bbox 560 995 717 1054; x_wconf 87' lang='lat' dir='ltr'>Praeterea</span> <span class='ocrx_word' id='word_1_22' title='bbox 728 991 846 1054; x_wconf 75' lang='lat' dir='ltr'>curabit</span> <span class='ocrx_word' id='word_1_23' title='bbox 856 991 949 1054; x_wconf 92' lang='lat' dir='ltr'>solida</span> <span class='ocrx_word' id='word_1_24' title='bbox 961 991 1025 1069; x_wconf 91' lang='lat' dir='ltr'>pie-</span> 
     </span>
     <span class='ocr_line' id='line_1_6' title="bbox 279 1083 1023 1166; baseline 0.003 -22"><span class='ocrx_word' id='word_1_25' title='bbox 279 1091 340 1146; x_wconf 89' lang='lat' dir='ltr'>tate</span> <span class='ocrx_word' id='word_1_26' title='bbox 360 1085 501 1148; x_wconf 89' lang='lat' dir='ltr'>alumnos</span> <span class='ocrx_word' id='word_1_27' title='bbox 523 1087 673 1160; x_wconf 90' lang='lat' dir='ltr'>imbuere,</span> <span class='ocrx_word' id='word_1_28' title='bbox 696 1094 727 1148; x_wconf 89' lang='lat' dir='ltr'>et</span> <span class='ocrx_word' id='word_1_29' title='bbox 750 1085 898 1166; x_wconf 90' lang='lat' dir='ltr'>quidquid</span> <span class='ocrx_word' id='word_1_30' title='bbox 914 1083 949 1146; x_wconf 90' lang='lat' dir='ltr'>ad</span> <span class='ocrx_word' id='word_1_31' title='bbox 964 1084 1023 1164; x_wconf 91' lang='lat' dir='ltr'>spi-</span> 
     </span>
    </p>
   </div>
   <div class='ocr_carea' id='block_1_3' title="bbox 238 1176 1024 1254">
    <p class='ocr_par' dir='ltr' id='par_1_3' title="bbox 238 1176 1024 1254">
     <span class='ocr_line' id='line_1_7' title="bbox 238 1176 1024 1254; baseline 0.003 -16"><span class='ocrx_word' id='word_1_32' title='bbox 238 1223 242 1230; x_wconf 94' lang='lat'>.</span> <span class='ocrx_word' id='word_1_33' title='bbox 278 1176 422 1240; x_wconf 88' lang='lat' dir='ltr'>ritualem</span> <span class='ocrx_word' id='word_1_34' title='bbox 452 1187 521 1241; x_wconf 91' lang='lat' dir='ltr'>tum</span> <span class='ocrx_word' id='word_1_35' title='bbox 551 1179 689 1254; x_wconf 91' lang='lat' dir='ltr'>illorum,</span> <span class='ocrx_word' id='word_1_36' title='bbox 713 1187 780 1241; x_wconf 92' lang='lat' dir='ltr'>tum</span> <span class='ocrx_word' id='word_1_37' title='bbox 811 1179 904 1242; x_wconf 90' lang='lat' dir='ltr'>etiam</span> <span class='ocrx_word' id='word_1_38' title='bbox 925 1179 1024 1240; x_wconf 89' lang='lat' dir='ltr'>inser-</span> 
     </span>
    </p>
   </div>
   <div class='ocr_carea' id='block_1_4' title="bbox 275 1265 1023 1913">
    <p class='ocr_par' dir='ltr' id='par_1_4' title="bbox 276 1265 1023 1520">
     <span class='ocr_line' id='line_1_8' title="bbox 276 1265 1023 1358; baseline 0.004 -29"><span class='ocrx_word' id='word_1_39' title='bbox 276 1265 432 1333; x_wconf 82' lang='lat' dir='ltr'>vientium</span> <span class='ocrx_word' id='word_1_40' title='bbox 450 1273 615 1336; x_wconf 72' lang='lat' dir='ltr'>utilitatem</span> <span class='ocrx_word' id='word_1_41' title='bbox 630 1272 775 1352; x_wconf 91' lang='lat' dir='ltr'>expedire</span> <span class='ocrx_word' id='word_1_42' title='bbox 787 1272 975 1347; x_wconf 84' lang='lat' dir='ltr'>censebitur,</span> <span class='ocrx_word' id='word_1_43' title='bbox 991 1272 1023 1358; x_wconf 86' lang='lat' dir='ltr'>in</span> 
     </span>
     <span class='ocr_line' id='line_1_9' title="bbox 278 1364 1023 1447; baseline 0.003 -23"><span class='ocrx_word' id='word_1_44' title='bbox 278 1364 307 1427; x_wconf 95' lang='lat' dir='ltr'>id</span> <span class='ocrx_word' id='word_1_45' title='bbox 319 1380 442 1442; x_wconf 87' lang='lat' dir='ltr'>operam</span> <span class='ocrx_word' id='word_1_46' title='bbox 457 1367 655 1447; x_wconf 83' lang='lat' dir='ltr'>studiumque</span> <span class='ocrx_word' id='word_1_47' title='bbox 668 1384 758 1430; x_wconf 91' lang='lat' dir='ltr'>suum</span> <span class='ocrx_word' id='word_1_48' title='bbox 773 1366 940 1444; x_wconf 90' lang='lat' dir='ltr'>diligenter</span> <span class='ocrx_word' id='word_1_49' title='bbox 951 1381 1023 1427; x_wconf 92' lang='lat' dir='ltr'>con·</span> 
     </span>
     <span class='ocr_line' id='line_1_10' title="bbox 276 1455 369 1520; baseline -0.011 -2"><span class='ocrx_word' id='word_1_50' title='bbox 276 1455 369 1520; x_wconf 81' lang='lat' dir='ltr'>terre.</span> 
     </span>
    </p>

    <p class='ocr_par' dir='ltr' id='par_1_5' title="bbox 275 1551 1022 1913">
     <span class='ocr_line' id='line_1_11' title="bbox 317 1551 1022 1632; baseline 0 -18"><span class='ocrx_word' id='word_1_51' title='bbox 317 1551 481 1628; x_wconf 78' lang='lat' dir='ltr'>Agendum</span> <span class='ocrx_word' id='word_1_52' title='bbox 509 1562 649 1632; x_wconf 84' lang='lat' dir='ltr'>superest</span> <span class='ocrx_word' id='word_1_53' title='bbox 670 1556 708 1617; x_wconf 92' lang='lat' dir='ltr'>de</span> <span class='ocrx_word' id='word_1_54' title='bbox 732 1554 864 1617; x_wconf 91' lang='lat' dir='ltr'>aliorum</span> <span class='ocrx_word' id='word_1_55' title='bbox 893 1553 1022 1616; x_wconf 91' lang='lat' dir='ltr'>admini-</span> 
     </span>
     <span class='ocr_line' id='line_1_12' title="bbox 275 1646 1021 1728; baseline 0.007 -23"><span class='ocrx_word' id='word_1_56' title='bbox 275 1651 413 1708; x_wconf 90' lang='lat' dir='ltr'>strorum</span> <span class='ocrx_word' id='word_1_57' title='bbox 434 1646 682 1728; x_wconf 79' lang='lat' dir='ltr'>interiorumque</span> <span class='ocrx_word' id='word_1_58' title='bbox 704 1648 943 1712; x_wconf 85' lang='lat' dir='ltr'>inservientium</span> <span class='ocrx_word' id='word_1_59' title='bbox 971 1647 1021 1710; x_wconf 91' lang='lat' dir='ltr'>de-</span> 
     </span>
     <span class='ocr_line' id='line_1_13' title="bbox 276 1740 1022 1806; baseline 0.003 -4"><span class='ocrx_word' id='word_1_60' title='bbox 276 1740 358 1803; x_wconf 90' lang='lat' dir='ltr'>lectu</span> <span class='ocrx_word' id='word_1_61' title='bbox 380 1748 412 1803; x_wconf 91' lang='lat' dir='ltr'>et</span> <span class='ocrx_word' id='word_1_62' title='bbox 432 1742 626 1804; x_wconf 90' lang='lat' dir='ltr'>muneribus.</span> <span class='ocrx_word' id='word_1_63' title='bbox 651 1742 770 1806; x_wconf 84' lang='lat' dir='ltr'>Verum</span> <span class='ocrx_word' id='word_1_64' title='bbox 791 1759 863 1806; x_wconf 92' lang='lat' dir='ltr'>cum</span> <span class='ocrx_word' id='word_1_65' title='bbox 885 1743 1022 1806; x_wconf 91' lang='lat' dir='ltr'>redditus</span> 
     </span>
     <span class='ocr_line' id='line_1_14' title="bbox 275 1833 1021 1913; baseline 0.005 -19"><span class='ocrx_word' id='word_1_66' title='bbox 275 1833 347 1895; x_wconf 91' lang='lat' dir='ltr'>satis</span> <span class='ocrx_word' id='word_1_67' title='bbox 367 1833 460 1912; x_wconf 86' lang='lat' dir='ltr'>ampli</span> <span class='ocrx_word' id='word_1_68' title='bbox 476 1837 615 1898; x_wconf 93' lang='lat' dir='ltr'>nondum</span> <span class='ocrx_word' id='word_1_69' title='bbox 630 1837 705 1913; x_wconf 94' lang='lat' dir='ltr'>sint,</span> <span class='ocrx_word' id='word_1_70' title='bbox 716 1837 741 1898; x_wconf 88' lang='lat' dir='ltr'>ii</span> <span class='ocrx_word' id='word_1_71' title='bbox 757 1835 973 1900; x_wconf 90' lang='lat' dir='ltr'>tantummodo</span> <span class='ocrx_word' id='word_1_72' title='bbox 990 1836 1021 1898; x_wconf 93' lang='lat' dir='ltr'>in</span> 
     </span>
    </p>
   </div>
   <div class='ocr_carea' id='block_1_5' title="bbox 276 1927 1043 2009">
    <p class='ocr_par' dir='ltr' id='par_1_6' title="bbox 276 1927 1043 2009">
     <span class='ocr_line' id='line_1_15' title="bbox 276 1927 1043 2009; baseline 0.005 -21"><span class='ocrx_word' id='word_1_73' title='bbox 276 1927 446 2005; x_wconf 88' lang='lat' dir='ltr'>praesentia</span> <span class='ocrx_word' id='word_1_74' title='bbox 471 1930 678 2008; x_wconf 82' lang='lat' dir='ltr'>excipientur,</span> <span class='ocrx_word' id='word_1_75' title='bbox 701 1930 812 2009; x_wconf 91' lang='lat' dir='ltr'>quibus</span> <span class='ocrx_word' id='word_1_76' title='bbox 839 1929 1043 1993; x_wconf 75' lang='lat' dir='ltr'>eminentis.</span> 
     </span>
    </p>
   </div>
   <div class='ocr_carea' id='block_1_6' title="bbox 272 2016 1021 3502">
    <p class='ocr_par' dir='ltr' id='par_1_7' title="bbox 275 2016 1021 2828">
     <span class='ocr_line' id='line_1_16' title="bbox 275 2016 1020 2103; baseline 0.001 -21"><span class='ocrx_word' id='word_1_77' title='bbox 275 2019 346 2082; x_wconf 90' lang='lat' dir='ltr'>simi</span> <span class='ocrx_word' id='word_1_78' title='bbox 367 2023 486 2100; x_wconf 93' lang='lat' dir='ltr'>patroni</span> <span class='ocrx_word' id='word_1_79' title='bbox 509 2023 699 2103; x_wconf 87' lang='lat' dir='ltr'>rectorisque</span> <span class='ocrx_word' id='word_1_80' title='bbox 719 2023 832 2086; x_wconf 93' lang='lat' dir='ltr'>iudicio</span> <span class='ocrx_word' id='word_1_81' title='bbox 853 2039 929 2100; x_wconf 90' lang='lat' dir='ltr'>opus</span> <span class='ocrx_word' id='word_1_82' title='bbox 950 2016 1020 2097; x_wconf 89' lang='lat' dir='ltr'>erit,</span> 
     </span>
     <span class='ocr_line' id='line_1_17' title="bbox 275 2113 1021 2194; baseline 0.003 -20"><span class='ocrx_word' id='word_1_83' title='bbox 275 2113 374 2191; x_wconf 92' lang='lat' dir='ltr'>iisque</span> <span class='ocrx_word' id='word_1_84' title='bbox 401 2130 457 2194; x_wconf 93' lang='lat' dir='ltr'>pro</span> <span class='ocrx_word' id='word_1_85' title='bbox 485 2131 519 2177; x_wconf 91' lang='lat' dir='ltr'>re</span> <span class='ocrx_word' id='word_1_86' title='bbox 547 2125 578 2178; x_wconf 91' lang='lat' dir='ltr'>et</span> <span class='ocrx_word' id='word_1_87' title='bbox 607 2126 745 2194; x_wconf 89' lang='lat' dir='ltr'>tempore</span> <span class='ocrx_word' id='word_1_88' title='bbox 773 2132 889 2179; x_wconf 89' lang='lat' dir='ltr'>munus</span> <span class='ocrx_word' id='word_1_89' title='bbox 915 2122 945 2178; x_wconf 88' lang='lat' dir='ltr'>et</span> <span class='ocrx_word' id='word_1_90' title='bbox 968 2115 1021 2177; x_wconf 90' lang='lat' dir='ltr'>sti·</span> 
     </span>
     <span class='ocr_line' id='line_1_18' title="bbox 275 2207 1021 2289; baseline 0 -19"><span class='ocrx_word' id='word_1_91' title='bbox 275 2207 425 2285; x_wconf 90' lang='lat' dir='ltr'>pendium</span> <span class='ocrx_word' id='word_1_92' title='bbox 452 2210 670 2272; x_wconf 88' lang='lat' dir='ltr'>constituetur.</span> <span class='ocrx_word' id='word_1_93' title='bbox 698 2211 826 2289; x_wconf 83' lang='lat' dir='ltr'>Quoquo</span> <span class='ocrx_word' id='word_1_94' title='bbox 847 2223 923 2272; x_wconf 88' lang='lat' dir='ltr'>vero</span> <span class='ocrx_word' id='word_1_95' title='bbox 943 2216 1021 2272; x_wconf 90' lang='lat' dir='ltr'>tem-</span> 
     </span>
     <span class='ocr_line' id='line_1_19' title="bbox 276 2302 1020 2376; baseline 0.004 -16"><span class='ocrx_word' id='word_1_96' title='bbox 276 2315 349 2376; x_wconf 89' lang='lat' dir='ltr'>pore</span> <span class='ocrx_word' id='word_1_97' title='bbox 371 2309 471 2364; x_wconf 90' lang='lat' dir='ltr'>rector</span> <span class='ocrx_word' id='word_1_98' title='bbox 492 2303 627 2364; x_wconf 91' lang='lat' dir='ltr'>maxime</span> <span class='ocrx_word' id='word_1_99' title='bbox 647 2303 796 2365; x_wconf 90' lang='lat' dir='ltr'>sollicitus</span> <span class='ocrx_word' id='word_1_100' title='bbox 818 2303 877 2365; x_wconf 87' lang='lat' dir='ltr'>erit</span> <span class='ocrx_word' id='word_1_101' title='bbox 899 2319 940 2365; x_wconf 94' lang='lat' dir='ltr'>ne</span> <span class='ocrx_word' id='word_1_102' title='bbox 961 2302 1020 2364; x_wconf 91' lang='lat' dir='ltr'>col·</span> 
     </span>
     <span class='ocr_line' id='line_1_20' title="bbox 275 2393 1019 2470; baseline 0.003 -15"><span class='ocrx_word' id='word_1_103' title='bbox 275 2394 348 2470; x_wconf 87' lang='lat' dir='ltr'>legii</span> <span class='ocrx_word' id='word_1_104' title='bbox 376 2393 513 2456; x_wconf 84' lang='lat' dir='ltr'>redditus</span> <span class='ocrx_word' id='word_1_105' title='bbox 534 2410 572 2456; x_wconf 88' lang='lat' dir='ltr'>ex</span> <span class='ocrx_word' id='word_1_106' title='bbox 594 2395 692 2458; x_wconf 90' lang='lat' dir='ltr'>nimio</span> <span class='ocrx_word' id='word_1_107' title='bbox 718 2394 936 2459; x_wconf 81' lang='lat' dir='ltr'>famulantium</span> <span class='ocrx_word' id='word_1_108' title='bbox 963 2412 1019 2457; x_wconf 92' lang='lat' dir='ltr'>nu-</span> 
     </span>
     <span class='ocr_line' id='line_1_21' title="bbox 275 2487 1019 2565; baseline 0.007 -17"><span class='ocrx_word' id='word_1_109' title='bbox 275 2503 361 2549; x_wconf 86' lang='lat' dir='ltr'>mero</span> <span class='ocrx_word' id='word_1_110' title='bbox 397 2487 446 2549; x_wconf 91' lang='lat' dir='ltr'>vel</span> <span class='ocrx_word' id='word_1_111' title='bbox 481 2488 670 2565; x_wconf 79' lang='lat' dir='ltr'>negligentia</span> <span class='ocrx_word' id='word_1_112' title='bbox 705 2489 932 2565; x_wconf 86' lang='lat' dir='ltr'>distrabantur,</span> <span class='ocrx_word' id='word_1_113' title='bbox 967 2493 1019 2554; x_wconf 90' lang='lat' dir='ltr'>sed</span> 
     </span>
     <span class='ocr_line' id='line_1_22' title="bbox 275 2579 1018 2660; baseline 0.005 -19"><span class='ocrx_word' id='word_1_114' title='bbox 275 2581 360 2641; x_wconf 92' lang='lat' dir='ltr'>omni</span> <span class='ocrx_word' id='word_1_115' title='bbox 380 2579 483 2641; x_wconf 90' lang='lat' dir='ltr'>studio</span> <span class='ocrx_word' id='word_1_116' title='bbox 503 2581 632 2654; x_wconf 85' lang='lat' dir='ltr'>curabit,</span> <span class='ocrx_word' id='word_1_117' title='bbox 657 2590 691 2644; x_wconf 91' lang='lat' dir='ltr'>ut</span> <span class='ocrx_word' id='word_1_118' title='bbox 708 2589 851 2660; x_wconf 90' lang='lat' dir='ltr'>sumptus</span> <span class='ocrx_word' id='word_1_119' title='bbox 865 2599 971 2645; x_wconf 85' lang='lat' dir='ltr'>ornnes</span> <span class='ocrx_word' id='word_1_120' title='bbox 987 2583 1018 2646; x_wconf 88' lang='lat' dir='ltr'>iu</span> 
     </span>
     <span class='ocr_line' id='line_1_23' title="bbox 275 2671 1019 2752; baseline 0.008 -18"><span class='ocrx_word' id='word_1_121' title='bbox 275 2671 468 2735; x_wconf 80' lang='lat' dir='ltr'>manifestam</span> <span class='ocrx_word' id='word_1_122' title='bbox 491 2675 628 2736; x_wconf 89' lang='lat' dir='ltr'>eiusdem</span> <span class='ocrx_word' id='word_1_123' title='bbox 649 2675 770 2752; x_wconf 89' lang='lat' dir='ltr'>collegii</span> <span class='ocrx_word' id='word_1_124' title='bbox 792 2675 958 2739; x_wconf 89' lang='lat' dir='ltr'>utilitatem</span> <span class='ocrx_word' id='word_1_125' title='bbox 972 2693 1019 2740; x_wconf 92' lang='lat' dir='ltr'>ce·</span> 
     </span>
     <span class='ocr_line' id='line_1_24' title="bbox 275 2768 358 2828; baseline -0.012 0"><span class='ocrx_word' id='word_1_126' title='bbox 275 2768 358 2828; x_wconf 90' lang='lat' dir='ltr'>dant.</span> 
     </span>
    </p>

    <p class='ocr_par' dir='ltr' id='par_1_8' title="bbox 272 2860 1019 3502">
     <span class='ocr_line' id='line_1_25' title="bbox 315 2860 1019 2939; baseline 0.01 -18"><span class='ocrx_word' id='word_1_127' title='bbox 315 2860 433 2923; x_wconf 89' lang='lat' dir='ltr'>interea</span> <span class='ocrx_word' id='word_1_128' title='bbox 453 2860 575 2939; x_wconf 90' lang='lat' dir='ltr'>collegii</span> <span class='ocrx_word' id='word_1_129' title='bbox 589 2863 683 2926; x_wconf 90' lang='lat' dir='ltr'>buius</span> <span class='ocrx_word' id='word_1_130' title='bbox 701 2865 910 2929; x_wconf 88' lang='lat' dir='ltr'>moderatores</span> <span class='ocrx_word' id='word_1_131' title='bbox 924 2875 955 2930; x_wconf 91' lang='lat' dir='ltr'>et</span> <span class='ocrx_word' id='word_1_132' title='bbox 969 2867 1019 2928; x_wconf 91' lang='lat' dir='ltr'>ad-</span> 
     </span>
     <span class='ocr_line' id='line_1_26' title="bbox 275 2954 1019 3032; baseline 0.011 -17"><span class='ocrx_word' id='word_1_133' title='bbox 275 2954 410 3016; x_wconf 90' lang='lat' dir='ltr'>ministri</span> <span class='ocrx_word' id='word_1_134' title='bbox 441 2956 594 3032; x_wconf 87' lang='lat' dir='ltr'>sentiant,</span> <span class='ocrx_word' id='word_1_135' title='bbox 626 2974 659 3020; x_wconf 91' lang='lat' dir='ltr'>se</span> <span class='ocrx_word' id='word_1_136' title='bbox 690 2959 758 3022; x_wconf 90' lang='lat' dir='ltr'>iure</span> <span class='ocrx_word' id='word_1_137' title='bbox 788 2961 891 3024; x_wconf 87' lang='lat' dir='ltr'>teneri</span> <span class='ocrx_word' id='word_1_138' title='bbox 920 2961 956 3024; x_wconf 90' lang='lat' dir='ltr'>ad</span> <span class='ocrx_word' id='word_1_139' title='bbox 985 2979 1019 3025; x_wconf 90' lang='lat' dir='ltr'>ea</span> 
     </span>
     <span class='ocr_line' id='line_1_27' title="bbox 274 3047 1019 3134; baseline 0.011 -24"><span class='ocrx_word' id='word_1_140' title='bbox 274 3048 381 3111; x_wconf 92' lang='lat' dir='ltr'>sedulo</span> <span class='ocrx_word' id='word_1_141' title='bbox 407 3047 603 3128; x_wconf 87' lang='lat' dir='ltr'>fideliterque</span> <span class='ocrx_word' id='word_1_142' title='bbox 628 3051 833 3131; x_wconf 89' lang='lat' dir='ltr'>adimplenda,</span> <span class='ocrx_word' id='word_1_143' title='bbox 863 3071 941 3134; x_wconf 91' lang='lat' dir='ltr'>quae</span> <span class='ocrx_word' id='word_1_144' title='bbox 969 3072 1019 3118; x_wconf 91' lang='lat' dir='ltr'>eo·</span> 
     </span>
     <span class='ocr_line' id='line_1_28' title="bbox 276 3143 1018 3226; baseline 0.009 -23"><span class='ocrx_word' id='word_1_145' title='bbox 276 3158 345 3205; x_wconf 90' lang='lat' dir='ltr'>rum</span> <span class='ocrx_word' id='word_1_146' title='bbox 367 3143 509 3205; x_wconf 90' lang='lat' dir='ltr'>muneris</span> <span class='ocrx_word' id='word_1_147' title='bbox 529 3151 603 3206; x_wconf 92' lang='lat' dir='ltr'>sunt</span> <span class='ocrx_word' id='word_1_148' title='bbox 625 3159 663 3206; x_wconf 91' lang='lat' dir='ltr'>ex</span> <span class='ocrx_word' id='word_1_149' title='bbox 676 3145 799 3223; x_wconf 89' lang='lat' dir='ltr'>collegii</span> <span class='ocrx_word' id='word_1_150' title='bbox 813 3148 1018 3226; x_wconf 82' lang='lat' dir='ltr'>praescriptis,</span> 
     </span>
     <span class='ocr_line' id='line_1_29' title="bbox 273 3236 1016 3319; baseline 0.007 -20"><span class='ocrx_word' id='word_1_151' title='bbox 273 3236 387 3314; x_wconf 90' lang='lat' dir='ltr'>cuique</span> <span class='ocrx_word' id='word_1_152' title='bbox 406 3245 527 3298; x_wconf 89' lang='lat' dir='ltr'>certum</span> <span class='ocrx_word' id='word_1_153' title='bbox 549 3237 686 3316; x_wconf 89' lang='lat' dir='ltr'>quolibet</span> <span class='ocrx_word' id='word_1_154' title='bbox 707 3254 813 3301; x_wconf 90' lang='lat' dir='ltr'>mense</span> <span class='ocrx_word' id='word_1_155' title='bbox 830 3240 1016 3319; x_wconf 88' lang='lat' dir='ltr'>stipendium</span> 
     </span>
     <span class='ocr_line' id='line_1_30' title="bbox 274 3329 1018 3411; baseline 0.008 -19"><span class='ocrx_word' id='word_1_156' title='bbox 274 3329 469 3409; x_wconf 89' lang='lat' dir='ltr'>persolvetur</span> <span class='ocrx_word' id='word_1_157' title='bbox 488 3330 526 3392; x_wconf 93' lang='lat' dir='ltr'>ab</span> <span class='ocrx_word' id='word_1_158' title='bbox 547 3331 794 3394; x_wconf 89' lang='lat' dir='ltr'>eminentissimo</span> <span class='ocrx_word' id='word_1_159' title='bbox 817 3341 946 3411; x_wconf 90' lang='lat' dir='ltr'>patrono</span> <span class='ocrx_word' id='word_1_160' title='bbox 968 3336 1018 3398; x_wconf 92' lang='lat' dir='ltr'>de-</span> 
     </span>
     <span class='ocr_line' id='line_1_31' title="bbox 272 3424 470 3502; baseline -0.01 -17"><span class='ocrx_word' id='word_1_161' title='bbox 272 3424 470 3502; x_wconf 90' lang='lat' dir='ltr'>signandum.</span> 
     </span>
    </p>
   </div>
   <div class='ocr_carea' id='block_1_7' title="bbox 548 3587 744 3650">
    <p class='ocr_par' dir='ltr' id='par_1_9' title="bbox 548 3587 744 3650">
     <span class='ocr_line' id='line_1_32' title="bbox 548 3587 744 3650; baseline -0.015 0"><span class='ocrx_word' id='word_1_162' title='bbox 548 3587 673 3650; x_wconf 77' lang='lat' dir='ltr'><strong>CAPUT</strong></span> <span class='ocrx_word' id='word_1_163' title='bbox 696 3587 744 3650; x_wconf 89' lang='lat' dir='ltr'>tlt.</span> 
     </span>
    </p>
   </div>
   <div class='ocr_carea' id='block_1_8' title="bbox 365 3723 923 3805">
    <p class='ocr_par' dir='ltr' id='par_1_10' title="bbox 365 3723 923 3805">
     <span class='ocr_line' id='line_1_33' title="bbox 365 3723 923 3805; baseline 0.007 -19"><span class='ocrx_word' id='word_1_164' title='bbox 365 3725 410 3787; x_wconf 85' lang='lat' dir='ltr'>De</span> <span class='ocrx_word' id='word_1_165' title='bbox 431 3723 472 3786; x_wconf 86' lang='lat' dir='ltr'>iis</span> <span class='ocrx_word' id='word_1_166' title='bbox 494 3741 572 3802; x_wconf 85' lang='lat' dir='ltr'>quoe</span> <span class='ocrx_word' id='word_1_167' title='bbox 593 3725 745 3802; x_wconf 84' lang='lat' dir='ltr'>pietatem</span> <span class='ocrx_word' id='word_1_168' title='bbox 765 3735 923 3805; x_wconf 83' lang='lat' dir='ltr'>spectant.</span> 
     </span>
    </p>
   </div>
   <div class='ocr_carea' id='block_1_9' title="bbox 84 3898 1017 3976">
    <p class='ocr_par' dir='ltr' id='par_1_11' title="bbox 84 3898 1017 3976">
     <span class='ocr_line' id='line_1_34' title="bbox 84 3898 1017 3976; baseline 0.013 -20"><span class='ocrx_word' id='word_1_169' title='bbox 84 3901 253 3959; x_wconf 67' lang='lat' dir='ltr'>bussequas</span> <span class='ocrx_word' id='word_1_170' title='bbox 312 3899 379 3974; x_wconf 74' lang='grc'>56.</span> <span class='ocrx_word' id='word_1_171' title='bbox 404 3898 517 3962; x_wconf 87' lang='lat' dir='ltr'>Omnes</span> <span class='ocrx_word' id='word_1_172' title='bbox 539 3899 591 3976; x_wconf 94' lang='lat' dir='ltr'>qui</span> <span class='ocrx_word' id='word_1_173' title='bbox 613 3899 813 3963; x_wconf 89' lang='lat' dir='ltr'>ecclesiastica</span> <span class='ocrx_word' id='word_1_174' title='bbox 836 3904 942 3966; x_wconf 85' lang='lat' dir='ltr'>munia</span> <span class='ocrx_word' id='word_1_175' title='bbox 966 3905 1017 3968; x_wconf 82' lang='lat' dir='ltr'>ob</span> 
     </span>
    </p>
   </div>
   <div class='ocr_carea' id='block_1_10' title="bbox 51 3955 279 4013">
    <p class='ocr_par' dir='ltr' id='par_1_12' title="bbox 51 3955 279 4013">
     <span class='ocr_line' id='line_1_35' title="bbox 51 3955 279 4013; baseline 0.022 -14"><span class='ocrx_word' id='word_1_176' title='bbox 51 3955 160 4010; x_wconf 83' lang='lat' dir='ltr'>pietatem</span> <span class='ocrx_word' id='word_1_177' title='bbox 191 3967 254 4013; x_wconf 86' lang='lat' dir='ltr'>spe-</span> <span class='ocrx_word' id='word_1_178' title='bbox 274 3994 279 4004; x_wconf 95' lang='lat'>.</span> 
     </span>
    </p>
   </div>
   <div class='ocr_carea' id='block_1_11' title="bbox 50 4011 119 4055">
    <p class='ocr_par' dir='ltr' id='par_1_13' title="bbox 50 4011 119 4055">
     <span class='ocr_line' id='line_1_36' title="bbox 50 4011 119 4055; baseline -0.029 -1"><span class='ocrx_word' id='word_1_179' title='bbox 50 4011 119 4055; x_wconf 65' lang='lat' dir='ltr'>clani.</span> 
     </span>
    </p>
   </div>
   <div class='ocr_carea' id='block_1_12' title="bbox 266 3993 1017 6048">
    <p class='ocr_par' dir='ltr' id='par_1_14' title="bbox 268 3993 1017 5387">
     <span class='ocr_line' id='line_1_37' title="bbox 272 3993 1016 4072; baseline 0.008 -17"><span class='ocrx_word' id='word_1_180' title='bbox 272 4010 317 4055; x_wconf 80' lang='grc' dir='ltr'>ιιι</span> <span class='ocrx_word' id='word_1_181' title='bbox 332 3994 475 4072; x_wconf 90' lang='lat' dir='ltr'>cupiunt,</span> <span class='ocrx_word' id='word_1_182' title='bbox 488 3993 601 4057; x_wconf 89' lang='lat' dir='ltr'>adeam</span> <span class='ocrx_word' id='word_1_183' title='bbox 615 3994 695 4056; x_wconf 91' lang='lat' dir='ltr'>vitae</span> <span class='ocrx_word' id='word_1_184' title='bbox 708 3994 930 4072; x_wconf 88' lang='lat' dir='ltr'>perlectionem</span> <span class='ocrx_word' id='word_1_185' title='bbox 946 4015 1016 4061; x_wconf 91' lang='lat' dir='ltr'>con·</span> 
     </span>
     <span class='ocr_line' id='line_1_38' title="bbox 272 4088 1017 4166; baseline 0.008 -17"><span class='ocrx_word' id='word_1_186' title='bbox 272 4088 400 4149; x_wconf 86' lang='lat' dir='ltr'>tendant</span> <span class='ocrx_word' id='word_1_187' title='bbox 420 4093 552 4165; x_wconf 89' lang='lat' dir='ltr'>oportet,</span> <span class='ocrx_word' id='word_1_188' title='bbox 575 4105 653 4166; x_wconf 92' lang='lat' dir='ltr'>quae</span> <span class='ocrx_word' id='word_1_189' title='bbox 675 4089 839 4166; x_wconf 90' lang='lat' dir='ltr'>praecipue</span> <span class='ocrx_word' id='word_1_190' title='bbox 858 4091 895 4151; x_wconf 93' lang='lat' dir='ltr'>ab</span> <span class='ocrx_word' id='word_1_191' title='bbox 915 4090 1017 4155; x_wconf 86' lang='lat' dir='ltr'>Eccle-</span> 
     </span>
     <span class='ocr_line' id='line_1_39' title="bbox 271 4181 1016 4262; baseline 0.011 -18"><span class='ocrx_word' id='word_1_192' title='bbox 271 4181 333 4244; x_wconf 91' lang='lat' dir='ltr'>siae</span> <span class='ocrx_word' id='word_1_193' title='bbox 354 4181 507 4245; x_wconf 89' lang='lat' dir='ltr'>ministris</span> <span class='ocrx_word' id='word_1_194' title='bbox 534 4185 717 4262; x_wconf 84' lang='lat' dir='ltr'>requiritur,</span> <span class='ocrx_word' id='word_1_195' title='bbox 746 4201 881 4262; x_wconf 89' lang='lat' dir='ltr'>quorum</span> <span class='ocrx_word' id='word_1_196' title='bbox 904 4204 1016 4252; x_wconf 90' lang='lat' dir='ltr'>munus</span> 
     </span>
     <span class='ocr_line' id='line_1_40' title="bbox 272 4278 1016 4346; baseline 0.003 -4"><span class='ocrx_word' id='word_1_197' title='bbox 272 4286 317 4342; x_wconf 84' lang='lat' dir='ltr'>est</span> <span class='ocrx_word' id='word_1_198' title='bbox 338 4289 472 4342; x_wconf 89' lang='lat' dir='ltr'>caeteros</span> <span class='ocrx_word' id='word_1_199' title='bbox 492 4278 526 4340; x_wconf 91' lang='lat' dir='ltr'>ad</span> <span class='ocrx_word' id='word_1_200' title='bbox 551 4295 677 4342; x_wconf 90' lang='lat' dir='ltr'>omnem</span> <span class='ocrx_word' id='word_1_201' title='bbox 704 4281 896 4343; x_wconf 84' lang='lat' dir='ltr'>sanctitatem</span> <span class='ocrx_word' id='word_1_202' title='bbox 921 4284 1016 4346; x_wconf 91' lang='lat' dir='ltr'>verbo</span> 
     </span>
     <span class='ocr_line' id='line_1_41' title="bbox 271 4372 1016 4452; baseline 0.004 -16"><span class='ocrx_word' id='word_1_203' title='bbox 271 4381 303 4436; x_wconf 91' lang='lat' dir='ltr'>et</span> <span class='ocrx_word' id='word_1_204' title='bbox 324 4372 466 4451; x_wconf 89' lang='lat' dir='ltr'>exemplo</span> <span class='ocrx_word' id='word_1_205' title='bbox 488 4373 612 4436; x_wconf 87' lang='lat' dir='ltr'>allicere</span> <span class='ocrx_word' id='word_1_206' title='bbox 632 4382 724 4452; x_wconf 91' lang='lat' dir='ltr'>atque</span> <span class='ocrx_word' id='word_1_207' title='bbox 750 4379 892 4438; x_wconf 89' lang='lat' dir='ltr'>excitare.</span> <span class='ocrx_word' id='word_1_208' title='bbox 917 4376 1016 4439; x_wconf 93' lang='lat' dir='ltr'>Nemo</span> 
     </span>
     <span class='ocr_line' id='line_1_42' title="bbox 271 4466 1014 4549; baseline 0.009 -21"><span class='ocrx_word' id='word_1_209' title='bbox 271 4467 412 4544; x_wconf 90' lang='lat' dir='ltr'>proinde,</span> <span class='ocrx_word' id='word_1_210' title='bbox 428 4467 480 4544; x_wconf 93' lang='lat' dir='ltr'>qni</span> <span class='ocrx_word' id='word_1_211' title='bbox 497 4467 643 4529; x_wconf 87' lang='lat' dir='ltr'>alumnus</span> <span class='ocrx_word' id='word_1_212' title='bbox 658 4469 690 4528; x_wconf 96' lang='lat' dir='ltr'>in</span> <span class='ocrx_word' id='word_1_213' title='bbox 706 4466 836 4544; x_wconf 87' lang='lat' dir='ltr'>collegio</span> <span class='ocrx_word' id='word_1_214' title='bbox 851 4471 1014 4549; x_wconf 78' lang='lat' dir='ltr'>excipitur,</span> 
     </span>
     <span class='ocr_line' id='line_1_43' title="bbox 271 4558 1016 4642; baseline 0.009 -21"><span class='ocrx_word' id='word_1_215' title='bbox 271 4558 342 4621; x_wconf 91' lang='lat' dir='ltr'>satis</span> <span class='ocrx_word' id='word_1_216' title='bbox 363 4561 487 4622; x_wconf 89' lang='lat' dir='ltr'>muneri</span> <span class='ocrx_word' id='word_1_217' title='bbox 518 4576 574 4621; x_wconf 91' lang='lat' dir='ltr'>suo</span> <span class='ocrx_word' id='word_1_218' title='bbox 595 4560 718 4622; x_wconf 87' lang='lat' dir='ltr'>divinae</span> <span class='ocrx_word' id='word_1_219' title='bbox 746 4562 898 4626; x_wconf 91' lang='lat' dir='ltr'>vocationi</span> <span class='ocrx_word' id='word_1_220' title='bbox 925 4573 1016 4642; x_wconf 90' lang='lat' dir='ltr'>alque</span> 
     </span>
     <span class='ocr_line' id='line_1_44' title="bbox 272 4654 1016 4734; baseline 0.009 -21"><span class='ocrx_word' id='word_1_221' title='bbox 272 4654 434 4716; x_wconf 88' lang='lat' dir='ltr'>bominum</span> <span class='ocrx_word' id='word_1_222' title='bbox 454 4655 660 4732; x_wconf 89' lang='lat' dir='ltr'>expectationi</span> <span class='ocrx_word' id='word_1_223' title='bbox 673 4671 707 4716; x_wconf 91' lang='lat' dir='ltr'>se</span> <span class='ocrx_word' id='word_1_224' title='bbox 721 4655 827 4718; x_wconf 85' lang='lat' dir='ltr'>iecisse</span> <span class='ocrx_word' id='word_1_225' title='bbox 842 4666 939 4734; x_wconf 85' lang='lat' dir='ltr'>putat,</span> <span class='ocrx_word' id='word_1_226' title='bbox 956 4659 1016 4720; x_wconf 89' lang='lat' dir='ltr'>nisi</span> 
     </span>
     <span class='ocr_line' id='line_1_45' title="bbox 270 4747 1015 4829; baseline 0.009 -21"><span class='ocrx_word' id='word_1_227' title='bbox 270 4747 367 4823; x_wconf 89' lang='lat' dir='ltr'>magis</span> <span class='ocrx_word' id='word_1_228' title='bbox 395 4748 517 4810; x_wconf 90' lang='lat' dir='ltr'>divinae</span> <span class='ocrx_word' id='word_1_229' title='bbox 546 4765 638 4826; x_wconf 90' lang='lat' dir='ltr'>quam</span> <span class='ocrx_word' id='word_1_230' title='bbox 669 4751 822 4813; x_wconf 89' lang='lat' dir='ltr'>humanae</span> <span class='ocrx_word' id='word_1_231' title='bbox 848 4753 1015 4829; x_wconf 89' lang='lat' dir='ltr'>sapientiae</span> 
     </span>
     <span class='ocr_line' id='line_1_46' title="bbox 270 4841 1014 4924; baseline 0.013 -23"><span class='ocrx_word' id='word_1_232' title='bbox 270 4841 379 4902; x_wconf 88' lang='lat' dir='ltr'>studiis</span> <span class='ocrx_word' id='word_1_233' title='bbox 400 4857 436 4903; x_wconf 92' lang='lat' dir='ltr'>eo</span> <span class='ocrx_word' id='word_1_234' title='bbox 451 4843 647 4920; x_wconf 92' lang='lat' dir='ltr'>potissimum</span> <span class='ocrx_word' id='word_1_235' title='bbox 664 4851 814 4924; x_wconf 88' lang='lat' dir='ltr'>tempore,</span> <span class='ocrx_word' id='word_1_236' title='bbox 831 4863 892 4924; x_wconf 94' lang='lat' dir='ltr'>quo</span> <span class='ocrx_word' id='word_1_237' title='bbox 907 4847 938 4908; x_wconf 94' lang='lat' dir='ltr'>in</span> <span class='ocrx_word' id='word_1_238' title='bbox 955 4850 1014 4910; x_wconf 91' lang='lat' dir='ltr'>ool·</span> 
     </span>
     <span class='ocr_line' id='line_1_47' title="bbox 270 4934 1014 5019; baseline 0.009 -22"><span class='ocrx_word' id='word_1_239' title='bbox 270 4934 350 5010; x_wconf 90' lang='lat' dir='ltr'>legio</span> <span class='ocrx_word' id='word_1_240' title='bbox 381 4945 531 5012; x_wconf 88' lang='lat' dir='ltr'>moratur,</span> <span class='ocrx_word' id='word_1_241' title='bbox 562 4937 728 4999; x_wconf 90' lang='lat' dir='ltr'>vacaverit.</span> <span class='ocrx_word' id='word_1_242' title='bbox 751 4939 793 5001; x_wconf 84' lang='lat' dir='ltr'>Ea</span> <span class='ocrx_word' id='word_1_243' title='bbox 814 4940 917 5002; x_wconf 91' lang='lat' dir='ltr'>omnia</span> <span class='ocrx_word' id='word_1_244' title='bbox 945 4957 1014 5019; x_wconf 91' lang='lat' dir='ltr'>pro-</span> 
     </span>
     <span class='ocr_line' id='line_1_48' title="bbox 269 5031 1012 5112; baseline 0.015 -25"><span class='ocrx_word' id='word_1_245' title='bbox 269 5035 383 5105; x_wconf 88' lang='lat' dir='ltr'>pterea,</span> <span class='ocrx_word' id='word_1_246' title='bbox 400 5045 477 5107; x_wconf 93' lang='lat' dir='ltr'>quae</span> <span class='ocrx_word' id='word_1_247' title='bbox 499 5031 645 5108; x_wconf 87' lang='lat' dir='ltr'>pietatem</span> <span class='ocrx_word' id='word_1_248' title='bbox 659 5041 810 5110; x_wconf 86' lang='lat' dir='ltr'>spectant,</span> <span class='ocrx_word' id='word_1_249' title='bbox 825 5051 964 5112; x_wconf 89' lang='lat' dir='ltr'>quaeque</span> <span class='ocrx_word' id='word_1_250' title='bbox 979 5039 1012 5098; x_wconf 94' lang='lat' dir='ltr'>in</span> 
     </span>
     <span class='ocr_line' id='line_1_49' title="bbox 271 5123 1012 5204; baseline 0.013 -23"><span class='ocrx_word' id='word_1_251' title='bbox 271 5124 326 5182; x_wconf 87' lang='lat' dir='ltr'>troc</span> <span class='ocrx_word' id='word_1_252' title='bbox 352 5123 449 5200; x_wconf 90' lang='lat' dir='ltr'>capite</span> <span class='ocrx_word' id='word_1_253' title='bbox 479 5124 667 5186; x_wconf 89' lang='lat' dir='ltr'>observanda</span> <span class='ocrx_word' id='word_1_254' title='bbox 696 5137 925 5204; x_wconf 90' lang='lat' dir='ltr'>proponuntur,</span> <span class='ocrx_word' id='word_1_255' title='bbox 949 5145 1012 5192; x_wconf 93' lang='lat' dir='ltr'>non</span> 
     </span>
     <span class='ocr_line' id='line_1_50' title="bbox 268 5215 1011 5299; baseline 0.012 -24"><span class='ocrx_word' id='word_1_256' title='bbox 268 5215 490 5291; x_wconf 80' lang='lat' dir='ltr'>perfunctorie,</span> <span class='ocrx_word' id='word_1_257' title='bbox 505 5219 557 5279; x_wconf 92' lang='lat' dir='ltr'>sed</span> <span class='ocrx_word' id='word_1_258' title='bbox 573 5224 716 5296; x_wconf 86' lang='lat' dir='ltr'>prompto</span> <span class='ocrx_word' id='word_1_259' title='bbox 730 5220 883 5299; x_wconf 84' lang='lat' dir='ltr'>alacrique</span> <span class='ocrx_word' id='word_1_260' title='bbox 897 5224 1011 5299; x_wconf 89' lang='lat' dir='ltr'>anim0,</span> 
     </span>
     <span class='ocr_line' id='line_1_51' title="bbox 268 5306 750 5387; baseline 0.012 -19"><span class='ocrx_word' id='word_1_261' title='bbox 268 5322 377 5370; x_wconf 91' lang='lat' dir='ltr'>omnes</span> <span class='ocrx_word' id='word_1_262' title='bbox 398 5306 566 5387; x_wconf 87' lang='lat' dir='ltr'>adimplere</span> <span class='ocrx_word' id='word_1_263' title='bbox 586 5322 750 5374; x_wconf 90' lang='lat' dir='ltr'>conentur.</span> 
     </span>
    </p>

    <p class='ocr_par' dir='ltr' id='par_1_15' title="bbox 266 5405 1012 6048">
     <span class='ocr_line' id='line_1_52' title="bbox 307 5405 1011 5489; baseline 0.01 -22"><span class='ocrx_word' id='word_1_264' title='bbox 307 5405 412 5483; x_wconf 90' lang='lat' dir='ltr'>ltaque</span> <span class='ocrx_word' id='word_1_265' title='bbox 434 5405 534 5483; x_wconf 88' lang='lat' dir='ltr'>primo</span> <span class='ocrx_word' id='word_1_266' title='bbox 554 5422 644 5467; x_wconf 91' lang='lat' dir='ltr'>mane</span> <span class='ocrx_word' id='word_1_267' title='bbox 665 5410 812 5484; x_wconf 90' lang='lat' dir='ltr'>surgendi</span> <span class='ocrx_word' id='word_1_268' title='bbox 826 5411 915 5487; x_wconf 88' lang='lat' dir='ltr'>signo</span> <span class='ocrx_word' id='word_1_269' title='bbox 929 5412 1011 5489; x_wconf 88' lang='lat' dir='ltr'>dato,</span> 
     </span>
     <span class='ocr_line' id='line_1_53' title="bbox 268 5499 1008 5580; baseline 0.007 -20"><span class='ocrx_word' id='word_1_270' title='bbox 268 5505 299 5560; x_wconf 88' lang='lat' dir='ltr'>el</span> <span class='ocrx_word' id='word_1_271' title='bbox 319 5499 421 5560; x_wconf 90' lang='lat' dir='ltr'>audita</span> <span class='ocrx_word' id='word_1_272' title='bbox 452 5515 527 5560; x_wconf 90' lang='lat' dir='ltr'>voce</span> <span class='ocrx_word' id='word_1_273' title='bbox 552 5499 815 5564; x_wconf 68' lang='lat' dir='ltr'>laudatoribus</span> <span class='ocrx_word' id='word_1_274' title='bbox 847 5503 1008 5580; x_wconf 81' lang='lat' dir='ltr'>Christos,</span> 
     </span>
     <span class='ocr_line' id='line_1_54' title="bbox 266 5591 1011 5672; baseline 0.009 -18"><span class='ocrx_word' id='word_1_275' title='bbox 266 5591 382 5668; x_wconf 91' lang='lat' dir='ltr'>singuli</span> <span class='ocrx_word' id='word_1_276' title='bbox 396 5592 628 5670; x_wconf 88' lang='lat' dir='ltr'>respondebunt</span> <span class='ocrx_word' id='word_1_277' title='bbox 643 5609 763 5672; x_wconf 86' lang='lat' dir='ltr'>semper</span> <span class='ocrx_word' id='word_1_278' title='bbox 774 5597 937 5670; x_wconf 82' lang='lat' dir='ltr'>laudator,</span> <span class='ocrx_word' id='word_1_279' title='bbox 952 5607 1011 5660; x_wconf 89' lang='lat' dir='ltr'>sta-</span> 
     </span>
     <span class='ocr_line' id='line_1_55' title="bbox 267 5684 1011 5764; baseline 0.008 -16"><span class='ocrx_word' id='word_1_280' title='bbox 267 5684 386 5764; x_wconf 92' lang='lat' dir='ltr'>timque</span> <span class='ocrx_word' id='word_1_281' title='bbox 408 5702 424 5748; x_wconf 90' lang='lat' dir='ltr'>e</span> <span class='ocrx_word' id='word_1_282' title='bbox 446 5685 525 5748; x_wconf 91' lang='lat' dir='ltr'>lecto</span> <span class='ocrx_word' id='word_1_283' title='bbox 554 5696 729 5764; x_wconf 87' lang='lat' dir='ltr'>surgentes,</span> <span class='ocrx_word' id='word_1_284' title='bbox 758 5693 789 5750; x_wconf 92' lang='lat' dir='ltr'>et</span> <span class='ocrx_word' id='word_1_285' title='bbox 820 5692 1011 5754; x_wconf 88' lang='lat' dir='ltr'>sanctissimo</span> 
     </span>
     <span class='ocr_line' id='line_1_56' title="bbox 266 5779 1011 5857; baseline 0.007 -16"><span class='ocrx_word' id='word_1_286' title='bbox 266 5779 366 5841; x_wconf 89' lang='lat' dir='ltr'>crucis</span> <span class='ocrx_word' id='word_1_287' title='bbox 386 5779 476 5857; x_wconf 90' lang='lat' dir='ltr'>signo</span> <span class='ocrx_word' id='word_1_288' title='bbox 504 5780 630 5856; x_wconf 89' lang='lat' dir='ltr'>muniti,</span> <span class='ocrx_word' id='word_1_289' title='bbox 652 5781 767 5857; x_wconf 90' lang='lat' dir='ltr'>singuli</span> <span class='ocrx_word' id='word_1_290' title='bbox 790 5782 927 5846; x_wconf 91' lang='lat' dir='ltr'>vestibus</span> <span class='ocrx_word' id='word_1_291' title='bbox 947 5785 1011 5846; x_wconf 89' lang='lat' dir='ltr'>suis</span> 
     </span>
     <span class='ocr_line' id='line_1_57' title="bbox 266 5874 1012 5952; baseline 0.004 -17"><span class='ocrx_word' id='word_1_292' title='bbox 266 5874 485 5937; x_wconf 82' lang='lat' dir='ltr'>maximarum</span> <span class='ocrx_word' id='word_1_293' title='bbox 502 5874 648 5937; x_wconf 89' lang='lat' dir='ltr'>modestia</span> <span class='ocrx_word' id='word_1_294' title='bbox 663 5891 696 5936; x_wconf 91' lang='lat' dir='ltr'>se</span> <span class='ocrx_word' id='word_1_295' title='bbox 710 5875 857 5952; x_wconf 87' lang='lat' dir='ltr'>induent;</span> <span class='ocrx_word' id='word_1_296' title='bbox 874 5877 945 5938; x_wconf 89' lang='lat' dir='ltr'>binc</span> <span class='ocrx_word' id='word_1_297' title='bbox 960 5877 1012 5938; x_wconf 91' lang='lat' dir='ltr'>ab·</span> 
     </span>
     <span class='ocr_line' id='line_1_58' title="bbox 266 5966 1010 6048; baseline 0.005 -20"><span class='ocrx_word' id='word_1_298' title='bbox 266 5966 388 6030; x_wconf 89' lang='lat' dir='ltr'>luendis</span> <span class='ocrx_word' id='word_1_299' title='bbox 410 5966 562 6042; x_wconf 90' lang='lat' dir='ltr'>manibus,</span> <span class='ocrx_word' id='word_1_300' title='bbox 579 5967 715 6045; x_wconf 90' lang='lat' dir='ltr'>aptandis</span> <span class='ocrx_word' id='word_1_301' title='bbox 740 5967 872 6045; x_wconf 91' lang='lat' dir='ltr'>lectulis,</span> <span class='ocrx_word' id='word_1_302' title='bbox 888 5985 1010 6048; x_wconf 90' lang='lat' dir='ltr'>compo·</span> 
     </span>
    </p>
   </div>
   <div class='ocr_carea' id='block_1_13' title="bbox 371 6111 973 6174">
    <p class='ocr_par' dir='ltr' id='par_1_16' title="bbox 371 6111 973 6174">
     <span class='ocr_line' id='line_1_59' title="bbox 371 6111 973 6174; baseline 0.005 -16"><span class='ocrx_word' id='word_1_303' title='bbox 371 6111 423 6160; x_wconf 77' lang='lat' dir='ltr'>latr.</span> <span class='ocrx_word' id='word_1_304' title='bbox 441 6112 510 6160; x_wconf 72' lang='lat' dir='ltr'>Porti.</span> <span class='ocrx_word' id='word_1_305' title='bbox 526 6111 557 6159; x_wconf 81' lang='lat' dir='ltr'>de</span> <span class='ocrx_word' id='word_1_306' title='bbox 572 6112 645 6174; x_wconf 85' lang='lat' dir='ltr'>Prop.</span> <span class='ocrx_word' id='word_1_307' title='bbox 659 6112 722 6161; x_wconf 78' lang='lat' dir='ltr'>Fide</span> <span class='ocrx_word' id='word_1_308' title='bbox 736 6113 817 6163; x_wconf 77' lang='lat' dir='ltr'>Partis</span> <span class='ocrx_word' id='word_1_309' title='bbox 831 6116 850 6162; x_wconf 92' lang='lat'>1.</span> <span class='ocrx_word' id='word_1_310' title='bbox 865 6114 919 6163; x_wconf 75' lang='lat' dir='ltr'>Vol.</span> <span class='ocrx_word' id='word_1_311' title='bbox 935 6116 973 6163; x_wconf 72' lang='lat' dir='ltr'>ll.</span> 
     </span>
    </p>
   </div>
   <div class='ocr_carea' id='block_1_14' title="bbox 1074 701 1880 3111">
    <p class='ocr_par' dir='ltr' id='par_1_17' title="bbox 1078 701 1826 1249">
     <span class='ocr_line' id='line_1_60' title="bbox 1080 701 1826 785; baseline -0.004 -17"><span class='ocrx_word' id='word_1_312' title='bbox 1080 707 1252 785; x_wconf 89' lang='lat' dir='ltr'>nendisque</span> <span class='ocrx_word' id='word_1_313' title='bbox 1273 705 1422 769; x_wconf 91' lang='lat' dir='ltr'>cubiculis</span> <span class='ocrx_word' id='word_1_314' title='bbox 1443 717 1566 784; x_wconf 88' lang='lat' dir='ltr'>operam</span> <span class='ocrx_word' id='word_1_315' title='bbox 1589 701 1716 775; x_wconf 91' lang='lat' dir='ltr'>dabunt,</span> <span class='ocrx_word' id='word_1_316' title='bbox 1733 701 1826 781; x_wconf 89' lang='lat' dir='ltr'>idque</span> 
     </span>
     <span class='ocr_line' id='line_1_61' title="bbox 1079 795 1826 877; baseline -0.005 -15"><span class='ocrx_word' id='word_1_317' title='bbox 1079 815 1135 877; x_wconf 92' lang='lat' dir='ltr'>per</span> <span class='ocrx_word' id='word_1_318' title='bbox 1155 800 1249 862; x_wconf 88' lang='lat' dir='ltr'>borae</span> <span class='ocrx_word' id='word_1_319' title='bbox 1276 798 1450 862; x_wconf 88' lang='lat' dir='ltr'>dimidium.</span> <span class='ocrx_word' id='word_1_320' title='bbox 1476 797 1506 861; x_wconf 89' lang='lat' dir='ltr'>Si</span> <span class='ocrx_word' id='word_1_321' title='bbox 1528 795 1601 876; x_wconf 92' lang='lat' dir='ltr'>quid</span> <span class='ocrx_word' id='word_1_322' title='bbox 1622 805 1726 860; x_wconf 92' lang='lat' dir='ltr'>autem</span> <span class='ocrx_word' id='word_1_323' title='bbox 1749 806 1826 859; x_wconf 89' lang='lat' dir='ltr'>tem-</span> 
     </span>
     <span class='ocr_line' id='line_1_62' title="bbox 1080 889 1825 970; baseline -0.004 -17"><span class='ocrx_word' id='word_1_324' title='bbox 1080 892 1162 970; x_wconf 89' lang='lat' dir='ltr'>poris</span> <span class='ocrx_word' id='word_1_325' title='bbox 1183 893 1231 954; x_wconf 89' lang='lat' dir='ltr'>lris</span> <span class='ocrx_word' id='word_1_326' title='bbox 1252 891 1396 954; x_wconf 92' lang='lat' dir='ltr'>omnibus</span> <span class='ocrx_word' id='word_1_327' title='bbox 1411 892 1594 970; x_wconf 90' lang='lat' dir='ltr'>peragendis</span> <span class='ocrx_word' id='word_1_328' title='bbox 1608 889 1773 969; x_wconf 88' lang='lat' dir='ltr'>supererit,</span> <span class='ocrx_word' id='word_1_329' title='bbox 1789 889 1825 950; x_wconf 91' lang='lat' dir='ltr'>il·</span> 
     </span>
     <span class='ocr_line' id='line_1_63' title="bbox 1080 982 1825 1065; baseline -0.007 -17"><span class='ocrx_word' id='word_1_330' title='bbox 1080 985 1131 1048; x_wconf 93' lang='lat' dir='ltr'>lud</span> <span class='ocrx_word' id='word_1_331' title='bbox 1153 984 1190 1047; x_wconf 88' lang='lat' dir='ltr'>ab</span> <span class='ocrx_word' id='word_1_332' title='bbox 1204 985 1252 1060; x_wconf 92' lang='lat' dir='ltr'>iis,</span> <span class='ocrx_word' id='word_1_333' title='bbox 1269 986 1321 1065; x_wconf 90' lang='lat' dir='ltr'>qui</span> <span class='ocrx_word' id='word_1_334' title='bbox 1337 984 1427 1047; x_wconf 91' lang='lat' dir='ltr'>citius</span> <span class='ocrx_word' id='word_1_335' title='bbox 1441 1000 1507 1046; x_wconf 90' lang='lat' dir='ltr'>sese</span> <span class='ocrx_word' id='word_1_336' title='bbox 1521 983 1704 1062; x_wconf 88' lang='lat' dir='ltr'>expediunt,</span> <span class='ocrx_word' id='word_1_337' title='bbox 1720 982 1752 1043; x_wconf 94' lang='lat' dir='ltr'>in</span> <span class='ocrx_word' id='word_1_338' title='bbox 1768 982 1825 1063; x_wconf 91' lang='lat' dir='ltr'>piis</span> 
     </span>
     <span class='ocr_line' id='line_1_64' title="bbox 1079 1075 1825 1157; baseline -0.004 -16"><span class='ocrx_word' id='word_1_339' title='bbox 1079 1078 1242 1142; x_wconf 88' lang='lat' dir='ltr'>matutinis</span> <span class='ocrx_word' id='word_1_340' title='bbox 1263 1079 1406 1156; x_wconf 85' lang='lat' dir='ltr'>precibus</span> <span class='ocrx_word' id='word_1_341' title='bbox 1428 1077 1573 1157; x_wconf 87' lang='lat' dir='ltr'>privatim</span> <span class='ocrx_word' id='word_1_342' title='bbox 1591 1076 1753 1140; x_wconf 89' lang='lat' dir='ltr'>recitandis</span> <span class='ocrx_word' id='word_1_343' title='bbox 1768 1075 1825 1138; x_wconf 92' lang='lat' dir='ltr'>im·</span> 
     </span>
     <span class='ocr_line' id='line_1_65' title="bbox 1078 1169 1243 1249; baseline -0.012 -15"><span class='ocrx_word' id='word_1_344' title='bbox 1078 1169 1243 1249; x_wconf 84' lang='lat' dir='ltr'>pendetur.</span> 
     </span>
    </p>

    <p class='ocr_par' dir='ltr' id='par_1_18' title="bbox 1076 1263 1880 2282">
     <span class='ocr_line' id='line_1_66' title="bbox 1119 1263 1825 1345; baseline -0.001 -17"><span class='ocrx_word' id='word_1_345' title='bbox 1119 1265 1164 1328; x_wconf 82' lang='lat' dir='ltr'>Ad</span> <span class='ocrx_word' id='word_1_346' title='bbox 1186 1267 1381 1345; x_wconf 89' lang='lat' dir='ltr'>campanulae</span> <span class='ocrx_word' id='word_1_347' title='bbox 1403 1267 1528 1344; x_wconf 91' lang='lat' dir='ltr'>signum</span> <span class='ocrx_word' id='word_1_348' title='bbox 1553 1265 1657 1329; x_wconf 90' lang='lat' dir='ltr'>cuncti</span> <span class='ocrx_word' id='word_1_349' title='bbox 1679 1265 1713 1327; x_wconf 92' lang='lat' dir='ltr'>in</span> <span class='ocrx_word' id='word_1_350' title='bbox 1732 1263 1825 1327; x_wconf 91' lang='lat' dir='ltr'>sacel-</span> 
     </span>
     <span class='ocr_line' id='line_1_67' title="bbox 1079 1357 1824 1439; baseline 0.001 -20"><span class='ocrx_word' id='word_1_351' title='bbox 1079 1357 1143 1420; x_wconf 90' lang='lat' dir='ltr'>lum</span> <span class='ocrx_word' id='word_1_352' title='bbox 1165 1359 1364 1436; x_wconf 88' lang='lat' dir='ltr'>convenient,</span> <span class='ocrx_word' id='word_1_353' title='bbox 1386 1359 1490 1439; x_wconf 92' lang='lat' dir='ltr'>ibique</span> <span class='ocrx_word' id='word_1_354' title='bbox 1511 1359 1615 1423; x_wconf 89' lang='lat' dir='ltr'>Sancti</span> <span class='ocrx_word' id='word_1_355' title='bbox 1637 1358 1770 1437; x_wconf 86' lang='lat' dir='ltr'>Spiritus</span> <span class='ocrx_word' id='word_1_356' title='bbox 1791 1358 1824 1420; x_wconf 91' lang='lat' dir='ltr'>in</span> 
     </span>
     <span class='ocr_line' id='line_1_68' title="bbox 1078 1451 1824 1532; baseline 0.001 -21"><span class='ocrx_word' id='word_1_357' title='bbox 1078 1451 1186 1529; x_wconf 90' lang='lat' dir='ltr'>primis</span> <span class='ocrx_word' id='word_1_358' title='bbox 1208 1468 1264 1532; x_wconf 93' lang='lat' dir='ltr'>ope</span> <span class='ocrx_word' id='word_1_359' title='bbox 1287 1453 1459 1532; x_wconf 90' lang='lat' dir='ltr'>implorata,</span> <span class='ocrx_word' id='word_1_360' title='bbox 1479 1452 1608 1531; x_wconf 87' lang='lat' dir='ltr'>aliisque</span> <span class='ocrx_word' id='word_1_361' title='bbox 1629 1451 1824 1530; x_wconf 88' lang='lat' dir='ltr'>praescriptis</span> 
     </span>
     <span class='ocr_line' id='line_1_69' title="bbox 1079 1545 1822 1624; baseline 0.001 -19"><span class='ocrx_word' id='word_1_362' title='bbox 1079 1545 1221 1623; x_wconf 89' lang='lat' dir='ltr'>precibus</span> <span class='ocrx_word' id='word_1_363' title='bbox 1243 1547 1388 1620; x_wconf 80' lang='lat' dir='ltr'>recitatio,</span> <span class='ocrx_word' id='word_1_364' title='bbox 1413 1547 1507 1610; x_wconf 89' lang='lat' dir='ltr'>borae</span> <span class='ocrx_word' id='word_1_365' title='bbox 1528 1545 1691 1608; x_wconf 89' lang='lat' dir='ltr'>dimidium</span> <span class='ocrx_word' id='word_1_366' title='bbox 1706 1545 1739 1607; x_wconf 94' lang='lat' dir='ltr'>in</span> <span class='ocrx_word' id='word_1_367' title='bbox 1756 1561 1822 1624; x_wconf 91' lang='lat' dir='ltr'>pro-</span> 
     </span>
     <span class='ocr_line' id='line_1_70' title="bbox 1077 1637 1825 1704; baseline 0.001 -5"><span class='ocrx_word' id='word_1_368' title='bbox 1077 1637 1172 1700; x_wconf 90' lang='lat' dir='ltr'>lunda</span> <span class='ocrx_word' id='word_1_369' title='bbox 1198 1638 1378 1703; x_wconf 89' lang='lat' dir='ltr'>coelestium</span> <span class='ocrx_word' id='word_1_370' title='bbox 1400 1657 1508 1703; x_wconf 91' lang='lat' dir='ltr'>rerum</span> <span class='ocrx_word' id='word_1_371' title='bbox 1536 1649 1566 1704; x_wconf 90' lang='lat' dir='ltr'>et</span> <span class='ocrx_word' id='word_1_372' title='bbox 1586 1639 1825 1702; x_wconf 85' lang='lat' dir='ltr'>christianarum</span> 
     </span>
     <span class='ocr_line' id='line_1_71' title="bbox 1079 1732 1861 1815; baseline 0.006 -24"><span class='ocrx_word' id='word_1_373' title='bbox 1079 1732 1232 1796; x_wconf 91' lang='lat' dir='ltr'>virtutum</span> <span class='ocrx_word' id='word_1_374' title='bbox 1255 1735 1465 1811; x_wconf 88' lang='lat' dir='ltr'>meditatione,</span> <span class='ocrx_word' id='word_1_375' title='bbox 1488 1736 1645 1815; x_wconf 91' lang='lat' dir='ltr'>proposito</span> <span class='ocrx_word' id='word_1_376' title='bbox 1671 1735 1756 1814; x_wconf 87' lang='lat' dir='ltr'>prius</span> <span class='ocrx_word' id='word_1_377' title='bbox 1777 1751 1824 1795; x_wconf 88' lang='lat' dir='ltr'>ar·</span> <span class='ocrx_word' id='word_1_378' title='bbox 1858 1773 1861 1782; x_wconf 87' lang='lat'>·</span> 
     </span>
     <span class='ocr_line' id='line_1_72' title="bbox 1078 1829 1823 1907; baseline 0.003 -19"><span class='ocrx_word' id='word_1_379' title='bbox 1078 1835 1240 1903; x_wconf 89' lang='lat' dir='ltr'>gumento,</span> <span class='ocrx_word' id='word_1_380' title='bbox 1263 1829 1447 1906; x_wconf 86' lang='lat' dir='ltr'>transigent,</span> <span class='ocrx_word' id='word_1_381' title='bbox 1471 1837 1506 1891; x_wconf 93' lang='lat' dir='ltr'>ut</span> <span class='ocrx_word' id='word_1_382' title='bbox 1528 1845 1641 1907; x_wconf 90' lang='lat' dir='ltr'>nempe</span> <span class='ocrx_word' id='word_1_383' title='bbox 1661 1829 1693 1890; x_wconf 90' lang='lat' dir='ltr'>in</span> <span class='ocrx_word' id='word_1_384' title='bbox 1707 1829 1745 1891; x_wconf 94' lang='lat' dir='ltr'>iis</span> <span class='ocrx_word' id='word_1_385' title='bbox 1759 1844 1823 1891; x_wconf 91' lang='lat' dir='ltr'>me-</span> 
     </span>
     <span class='ocr_line' id='line_1_73' title="bbox 1077 1919 1822 2000; baseline 0.003 -20"><span class='ocrx_word' id='word_1_386' title='bbox 1077 1919 1210 1983; x_wconf 89' lang='lat' dir='ltr'>ditandis</span> <span class='ocrx_word' id='word_1_387' title='bbox 1233 1921 1346 1983; x_wconf 90' lang='lat' dir='ltr'>mentis</span> <span class='ocrx_word' id='word_1_388' title='bbox 1376 1920 1457 1984; x_wconf 90' lang='lat' dir='ltr'>oculi</span> <span class='ocrx_word' id='word_1_389' title='bbox 1479 1920 1582 1984; x_wconf 90' lang='lat' dir='ltr'>divina</span> <span class='ocrx_word' id='word_1_390' title='bbox 1603 1921 1733 2000; x_wconf 88' lang='lat' dir='ltr'>quadam</span> <span class='ocrx_word' id='word_1_391' title='bbox 1756 1922 1822 1984; x_wconf 89' lang='lat' dir='ltr'>luce</span> 
     </span>
     <span class='ocr_line' id='line_1_74' title="bbox 1077 2013 1822 2094; baseline 0.001 -19"><span class='ocrx_word' id='word_1_392' title='bbox 1077 2013 1315 2092; x_wconf 78' lang='lat' dir='ltr'>perfundantur,</span> <span class='ocrx_word' id='word_1_393' title='bbox 1338 2021 1370 2076; x_wconf 92' lang='lat' dir='ltr'>et</span> <span class='ocrx_word' id='word_1_394' title='bbox 1390 2015 1543 2078; x_wconf 89' lang='lat' dir='ltr'>iuvenum</span> <span class='ocrx_word' id='word_1_395' title='bbox 1568 2016 1695 2094; x_wconf 90' lang='lat' dir='ltr'>spiritus</span> <span class='ocrx_word' id='word_1_396' title='bbox 1716 2017 1822 2080; x_wconf 93' lang='lat' dir='ltr'>divino</span> 
     </span>
     <span class='ocr_line' id='line_1_75' title="bbox 1077 2107 1822 2187; baseline 0.003 -17"><span class='ocrx_word' id='word_1_397' title='bbox 1077 2108 1210 2186; x_wconf 91' lang='lat' dir='ltr'>quodam</span> <span class='ocrx_word' id='word_1_398' title='bbox 1233 2108 1329 2171; x_wconf 90' lang='lat' dir='ltr'>veluti</span> <span class='ocrx_word' id='word_1_399' title='bbox 1353 2107 1500 2172; x_wconf 90' lang='lat' dir='ltr'>alimento</span> <span class='ocrx_word' id='word_1_400' title='bbox 1523 2117 1666 2187; x_wconf 90' lang='lat' dir='ltr'>percepto</span> <span class='ocrx_word' id='word_1_401' title='bbox 1689 2116 1752 2172; x_wconf 90' lang='lat' dir='ltr'>tota</span> <span class='ocrx_word' id='word_1_402' title='bbox 1774 2109 1822 2172; x_wconf 91' lang='lat' dir='ltr'>die</span> 
     </span>
     <span class='ocr_line' id='line_1_76' title="bbox 1076 2200 1880 2282; baseline 0.006 -20"><span class='ocrx_word' id='word_1_403' title='bbox 1076 2200 1301 2278; x_wconf 91' lang='lat' dir='ltr'>quodammodo</span> <span class='ocrx_word' id='word_1_404' title='bbox 1322 2203 1481 2264; x_wconf 88' lang='lat' dir='ltr'>nutriatur</span> <span class='ocrx_word' id='word_1_405' title='bbox 1503 2210 1595 2282; x_wconf 91' lang='lat' dir='ltr'>atque</span> <span class='ocrx_word' id='word_1_406' title='bbox 1609 2203 1798 2282; x_wconf 86' lang='lat' dir='ltr'>pinguescat.</span> <span class='ocrx_word' id='word_1_407' title='bbox 1875 2241 1880 2254; x_wconf 90' lang='lat'><em>·</em></span> 
     </span>
    </p>

    <p class='ocr_par' dir='ltr' id='par_1_19' title="bbox 1074 2294 1823 2730">
     <span class='ocr_line' id='line_1_77' title="bbox 1116 2294 1823 2376; baseline 0.003 -18"><span class='ocrx_word' id='word_1_408' title='bbox 1116 2294 1241 2371; x_wconf 86' lang='lat' dir='ltr'>Omnes,</span> <span class='ocrx_word' id='word_1_409' title='bbox 1253 2302 1375 2373; x_wconf 89' lang='lat' dir='ltr'>praeter</span> <span class='ocrx_word' id='word_1_410' title='bbox 1389 2295 1572 2373; x_wconf 89' lang='lat' dir='ltr'>sacerdotes,</span> <span class='ocrx_word' id='word_1_411' title='bbox 1585 2297 1638 2376; x_wconf 92' lang='lat' dir='ltr'>qui</span> <span class='ocrx_word' id='word_1_412' title='bbox 1649 2298 1740 2360; x_wconf 87' lang='lat' dir='ltr'>sacris</span> <span class='ocrx_word' id='word_1_413' title='bbox 1751 2312 1823 2374; x_wconf 90' lang='lat' dir='ltr'>ope-</span> 
     </span>
     <span class='ocr_line' id='line_1_78' title="bbox 1076 2390 1821 2471; baseline 0.003 -21"><span class='ocrx_word' id='word_1_414' title='bbox 1076 2397 1197 2464; x_wconf 90' lang='lat' dir='ltr'>rantur,</span> <span class='ocrx_word' id='word_1_415' title='bbox 1228 2390 1390 2452; x_wconf 87' lang='lat' dir='ltr'>incruento</span> <span class='ocrx_word' id='word_1_416' title='bbox 1412 2391 1521 2452; x_wconf 90' lang='lat' dir='ltr'>missae</span> <span class='ocrx_word' id='word_1_417' title='bbox 1548 2391 1696 2454; x_wconf 86' lang='lat' dir='ltr'>sacrificio</span> <span class='ocrx_word' id='word_1_418' title='bbox 1721 2391 1821 2471; x_wconf 88' lang='lat' dir='ltr'>quoti-</span> 
     </span>
     <span class='ocr_line' id='line_1_79' title="bbox 1076 2480 1821 2560; baseline 0.008 -19"><span class='ocrx_word' id='word_1_419' title='bbox 1076 2480 1124 2542; x_wconf 90' lang='lat' dir='ltr'>die</span> <span class='ocrx_word' id='word_1_420' title='bbox 1145 2481 1376 2558; x_wconf 87' lang='lat' dir='ltr'>religiosissime</span> <span class='ocrx_word' id='word_1_421' title='bbox 1397 2485 1585 2560; x_wconf 90' lang='lat' dir='ltr'>intererunt,</span> <span class='ocrx_word' id='word_1_422' title='bbox 1611 2484 1740 2547; x_wconf 90' lang='lat' dir='ltr'>alumno</span> <span class='ocrx_word' id='word_1_423' title='bbox 1761 2485 1821 2547; x_wconf 91' lang='lat' dir='ltr'>cle·</span> 
     </span>
     <span class='ocr_line' id='line_1_80' title="bbox 1076 2573 1822 2653; baseline 0.009 -20"><span class='ocrx_word' id='word_1_424' title='bbox 1076 2573 1138 2634; x_wconf 90' lang='lat' dir='ltr'>rico</span> <span class='ocrx_word' id='word_1_425' title='bbox 1160 2574 1382 2653; x_wconf 89' lang='lat' dir='ltr'>superpelliceo</span> <span class='ocrx_word' id='word_1_426' title='bbox 1403 2576 1514 2638; x_wconf 93' lang='lat' dir='ltr'>induto</span> <span class='ocrx_word' id='word_1_427' title='bbox 1534 2575 1711 2640; x_wconf 87' lang='lat' dir='ltr'>alternatim</span> <span class='ocrx_word' id='word_1_428' title='bbox 1731 2578 1822 2640; x_wconf 92' lang='lat' dir='ltr'>mini-</span> 
     </span>
     <span class='ocr_line' id='line_1_81' title="bbox 1074 2674 1201 2730; baseline 0.008 -3"><span class='ocrx_word' id='word_1_429' title='bbox 1074 2674 1201 2730; x_wconf 90' lang='lat' dir='ltr'>strante.</span> 
     </span>
    </p>

    <p class='ocr_par' dir='ltr' id='par_1_20' title="bbox 1074 2759 1821 3111">
     <span class='ocr_line' id='line_1_82' title="bbox 1115 2759 1821 2846; baseline 0.008 -23"><span class='ocrx_word' id='word_1_430' title='bbox 1115 2759 1160 2823; x_wconf 88' lang='lat' dir='ltr'>Sit</span> <span class='ocrx_word' id='word_1_431' title='bbox 1180 2777 1304 2842; x_wconf 92' lang='lat' dir='ltr'>semper</span> <span class='ocrx_word' id='word_1_432' title='bbox 1325 2780 1362 2826; x_wconf 92' lang='lat' dir='ltr'>ex</span> <span class='ocrx_word' id='word_1_433' title='bbox 1383 2764 1518 2828; x_wconf 88' lang='lat' dir='ltr'>alumnis</span> <span class='ocrx_word' id='word_1_434' title='bbox 1548 2768 1688 2830; x_wconf 89' lang='lat' dir='ltr'>sacerdos</span> <span class='ocrx_word' id='word_1_435' title='bbox 1709 2766 1821 2846; x_wconf 89' lang='lat' dir='ltr'>aliquis</span> 
     </span>
     <span class='ocr_line' id='line_1_83' title="bbox 1075 2857 1821 2940; baseline 0.008 -25"><span class='ocrx_word' id='word_1_436' title='bbox 1075 2857 1201 2918; x_wconf 88' lang='lat' dir='ltr'>oratorii</span> <span class='ocrx_word' id='word_1_437' title='bbox 1227 2873 1282 2920; x_wconf 89' lang='lat' dir='ltr'>seu</span> <span class='ocrx_word' id='word_1_438' title='bbox 1303 2858 1462 2922; x_wconf 90' lang='lat' dir='ltr'>domestici</span> <span class='ocrx_word' id='word_1_439' title='bbox 1489 2859 1590 2922; x_wconf 91' lang='lat' dir='ltr'>sacelli</span> <span class='ocrx_word' id='word_1_440' title='bbox 1613 2859 1783 2940; x_wconf 87' lang='lat' dir='ltr'>praelectus</span> <span class='ocrx_word' id='word_1_441' title='bbox 1804 2878 1821 2921; x_wconf 93' lang='lat' dir='ltr'>a</span> 
     </span>
     <span class='ocr_line' id='line_1_84' title="bbox 1075 2951 1819 3033; baseline 0.008 -23"><span class='ocrx_word' id='word_1_442' title='bbox 1075 2951 1319 3014; x_wconf 89' lang='lat' dir='ltr'>moderatoribus</span> <span class='ocrx_word' id='word_1_443' title='bbox 1334 2954 1530 3029; x_wconf 89' lang='lat' dir='ltr'>constitutos,</span> <span class='ocrx_word' id='word_1_444' title='bbox 1542 2954 1596 3033; x_wconf 92' lang='lat' dir='ltr'>qui</span> <span class='ocrx_word' id='word_1_445' title='bbox 1611 2960 1710 3031; x_wconf 87' lang='lat' dir='ltr'>curet,</span> <span class='ocrx_word' id='word_1_446' title='bbox 1724 2963 1758 3016; x_wconf 91' lang='lat' dir='ltr'>ut</span> <span class='ocrx_word' id='word_1_447' title='bbox 1774 2973 1819 3017; x_wconf 91' lang='lat' dir='ltr'>sa·</span> 
     </span>
     <span class='ocr_line' id='line_1_85' title="bbox 1074 3043 1818 3111; baseline 0.007 -6"><span class='ocrx_word' id='word_1_448' title='bbox 1074 3044 1119 3105; x_wconf 90' lang='lat' dir='ltr'>cri</span> <span class='ocrx_word' id='word_1_449' title='bbox 1141 3043 1291 3108; x_wconf 89' lang='lat' dir='ltr'>Ecclesiae</span> <span class='ocrx_word' id='word_1_450' title='bbox 1314 3047 1391 3109; x_wconf 90' lang='lat' dir='ltr'>ritus</span> <span class='ocrx_word' id='word_1_451' title='bbox 1412 3055 1443 3110; x_wconf 89' lang='lat' dir='ltr'>et</span> <span class='ocrx_word' id='word_1_452' title='bbox 1464 3048 1676 3110; x_wconf 88' lang='lat' dir='ltr'>caeremoniae</span> <span class='ocrx_word' id='word_1_453' title='bbox 1698 3048 1818 3111; x_wconf 88' lang='lat' dir='ltr'>lumin</span> 
     </span>
    </p>
   </div>
   <div class='ocr_carea' id='block_1_15' title="bbox 1063 3130 1886 3216">
    <p class='ocr_par' dir='ltr' id='par_1_21' title="bbox 1063 3130 1886 3216">
     <span class='ocr_line' id='line_1_86' title="bbox 1063 3130 1886 3216; baseline 0.007 -18"><span class='ocrx_word' id='word_1_454' title='bbox 1063 3130 1158 3199; x_wconf 72' lang='lat' dir='ltr'>&#39;sacro</span> <span class='ocrx_word' id='word_1_455' title='bbox 1182 3137 1378 3216; x_wconf 89' lang='lat' dir='ltr'>celebrando,</span> <span class='ocrx_word' id='word_1_456' title='bbox 1403 3141 1524 3203; x_wconf 88' lang='lat' dir='ltr'>lumin</span> <span class='ocrx_word' id='word_1_457' title='bbox 1553 3141 1717 3206; x_wconf 90' lang='lat' dir='ltr'>recitandis</span> <span class='ocrx_word' id='word_1_458' title='bbox 1738 3142 1820 3205; x_wconf 90' lang='lat' dir='ltr'>boris</span> <span class='ocrx_word' id='word_1_459' title='bbox 1872 3202 1886 3216; x_wconf 68' lang='lat'><em>„</em></span> 
     </span>
    </p>
   </div>
   <div class='ocr_carea' id='block_1_16' title="bbox 1075 3231 1820 3504">
    <p class='ocr_par' dir='ltr' id='par_1_22' title="bbox 1075 3231 1820 3504">
     <span class='ocr_line' id='line_1_87' title="bbox 1075 3231 1820 3317; baseline 0.009 -24"><span class='ocrx_word' id='word_1_460' title='bbox 1075 3231 1240 3308; x_wconf 90' lang='lat' dir='ltr'>canonicis,</span> <span class='ocrx_word' id='word_1_461' title='bbox 1262 3242 1402 3296; x_wconf 90' lang='lat' dir='ltr'>accurate</span> <span class='ocrx_word' id='word_1_462' title='bbox 1422 3240 1599 3311; x_wconf 89' lang='lat' dir='ltr'>serventur,</span> <span class='ocrx_word' id='word_1_463' title='bbox 1621 3238 1738 3317; x_wconf 91' lang='lat' dir='ltr'>quique</span> <span class='ocrx_word' id='word_1_464' title='bbox 1755 3254 1820 3300; x_wconf 90' lang='lat' dir='ltr'>cae-</span> 
     </span>
     <span class='ocr_line' id='line_1_88' title="bbox 1075 3327 1820 3395; baseline 0.012 -9"><span class='ocrx_word' id='word_1_465' title='bbox 1075 3331 1157 3386; x_wconf 91' lang='lat' dir='ltr'>teros</span> <span class='ocrx_word' id='word_1_466' title='bbox 1178 3342 1241 3388; x_wconf 90' lang='lat' dir='ltr'>non</span> <span class='ocrx_word' id='word_1_467' title='bbox 1261 3327 1432 3389; x_wconf 90' lang='lat' dir='ltr'>sacerdotes</span> <span class='ocrx_word' id='word_1_468' title='bbox 1445 3327 1587 3393; x_wconf 89' lang='lat' dir='ltr'>alumnos</span> <span class='ocrx_word' id='word_1_469' title='bbox 1603 3330 1727 3394; x_wconf 90' lang='lat' dir='ltr'>edoceat</span> <span class='ocrx_word' id='word_1_470' title='bbox 1742 3332 1820 3395; x_wconf 89' lang='lat' dir='ltr'>circa</span> 
     </span>
     <span class='ocr_line' id='line_1_89' title="bbox 1075 3419 1820 3504; baseline 0.013 -25"><span class='ocrx_word' id='word_1_471' title='bbox 1075 3419 1203 3482; x_wconf 91' lang='lat' dir='ltr'>modum</span> <span class='ocrx_word' id='word_1_472' title='bbox 1233 3419 1429 3484; x_wconf 89' lang='lat' dir='ltr'>ministrandi</span> <span class='ocrx_word' id='word_1_473' title='bbox 1458 3423 1607 3486; x_wconf 88' lang='lat' dir='ltr'>sacerdoti</span> <span class='ocrx_word' id='word_1_474' title='bbox 1636 3424 1729 3487; x_wconf 89' lang='lat' dir='ltr'>sacris</span> <span class='ocrx_word' id='word_1_475' title='bbox 1749 3439 1820 3504; x_wconf 90' lang='lat' dir='ltr'>ope·</span> 
     </span>
    </p>
   </div>
   <div class='ocr_carea' id='block_1_17' title="bbox 1066 3519 1819 6050">
    <p class='ocr_par' dir='ltr' id='par_1_23' title="bbox 1066 3519 1819 6050">
     <span class='ocr_line' id='line_1_90' title="bbox 1075 3519 1819 3604; baseline 0.012 -24"><span class='ocrx_word' id='word_1_476' title='bbox 1075 3519 1167 3595; x_wconf 90' lang='lat' dir='ltr'>ranti,</span> <span class='ocrx_word' id='word_1_477' title='bbox 1190 3520 1284 3583; x_wconf 89' lang='lat' dir='ltr'>altare</span> <span class='ocrx_word' id='word_1_478' title='bbox 1304 3522 1456 3584; x_wconf 89' lang='lat' dir='ltr'>concinne</span> <span class='ocrx_word' id='word_1_479' title='bbox 1476 3525 1695 3604; x_wconf 88' lang='lat' dir='ltr'>componendi,</span> <span class='ocrx_word' id='word_1_480' title='bbox 1717 3533 1749 3588; x_wconf 91' lang='lat' dir='ltr'>et</span> <span class='ocrx_word' id='word_1_481' title='bbox 1763 3536 1819 3598; x_wconf 83' lang='lat' dir='ltr'>pro</span> 
     </span>
     <span class='ocr_line' id='line_1_91' title="bbox 1076 3619 1819 3697; baseline 0.007 -18"><span class='ocrx_word' id='word_1_482' title='bbox 1076 3625 1214 3696; x_wconf 89' lang='lat' dir='ltr'>tempore</span> <span class='ocrx_word' id='word_1_483' title='bbox 1241 3619 1380 3681; x_wconf 91' lang='lat' dir='ltr'>ornandi.</span> <span class='ocrx_word' id='word_1_484' title='bbox 1405 3619 1489 3682; x_wconf 92' lang='lat' dir='ltr'>ldem</span> <span class='ocrx_word' id='word_1_485' title='bbox 1516 3619 1647 3697; x_wconf 89' lang='lat' dir='ltr'>curabit,</span> <span class='ocrx_word' id='word_1_486' title='bbox 1672 3629 1706 3683; x_wconf 88' lang='lat' dir='ltr'>ut</span> <span class='ocrx_word' id='word_1_487' title='bbox 1726 3621 1819 3684; x_wconf 89' lang='lat' dir='ltr'>sacel-</span> 
     </span>
     <span class='ocr_line' id='line_1_92' title="bbox 1075 3711 1819 3793; baseline 0.009 -20"><span class='ocrx_word' id='word_1_488' title='bbox 1075 3712 1140 3774; x_wconf 92' lang='lat' dir='ltr'>lum</span> <span class='ocrx_word' id='word_1_489' title='bbox 1161 3729 1178 3774; x_wconf 94' lang='lat' dir='ltr'>a</span> <span class='ocrx_word' id='word_1_490' title='bbox 1199 3711 1365 3777; x_wconf 89' lang='lat' dir='ltr'>domestico</span> <span class='ocrx_word' id='word_1_491' title='bbox 1392 3713 1509 3776; x_wconf 80' lang='lat' dir='ltr'>famulo</span> <span class='ocrx_word' id='word_1_492' title='bbox 1530 3715 1616 3777; x_wconf 87' lang='lat' dir='ltr'>statis</span> <span class='ocrx_word' id='word_1_493' title='bbox 1646 3714 1765 3793; x_wconf 89' lang='lat' dir='ltr'>diebus,</span> <span class='ocrx_word' id='word_1_494' title='bbox 1788 3725 1819 3780; x_wconf 90' lang='lat' dir='ltr'>et</span> 
     </span>
     <span class='ocr_line' id='line_1_93' title="bbox 1073 3807 1819 3889; baseline 0.007 -20"><span class='ocrx_word' id='word_1_495' title='bbox 1073 3807 1331 3885; x_wconf 88' lang='lat' dir='ltr'>quandocumque</span> <span class='ocrx_word' id='word_1_496' title='bbox 1350 3808 1534 3885; x_wconf 88' lang='lat' dir='ltr'>oportuerit,</span> <span class='ocrx_word' id='word_1_497' title='bbox 1550 3816 1712 3872; x_wconf 89' lang='lat' dir='ltr'>everratur</span> <span class='ocrx_word' id='word_1_498' title='bbox 1727 3820 1819 3889; x_wconf 90' lang='lat' dir='ltr'>atque</span> 
     </span>
     <span class='ocr_line' id='line_1_94' title="bbox 1074 3899 1818 3980; baseline 0.005 -18"><span class='ocrx_word' id='word_1_499' title='bbox 1074 3902 1255 3963; x_wconf 89' lang='lat' dir='ltr'>mundetur.</span> <span class='ocrx_word' id='word_1_500' title='bbox 1272 3899 1395 3978; x_wconf 88' lang='lat' dir='ltr'>Singuli</span> <span class='ocrx_word' id='word_1_501' title='bbox 1410 3917 1484 3964; x_wconf 91' lang='lat' dir='ltr'>vero</span> <span class='ocrx_word' id='word_1_502' title='bbox 1498 3903 1682 3980; x_wconf 65' lang='lat' dir='ltr'>sacerdotes</span> <span class='ocrx_word' id='word_1_503' title='bbox 1699 3911 1818 3968; x_wconf 89' lang='lat' dir='ltr'>rectore</span> 
     </span>
     <span class='ocr_line' id='line_1_95' title="bbox 1074 3993 1818 4074; baseline 0.009 -20"><span class='ocrx_word' id='word_1_504' title='bbox 1074 3993 1251 4067; x_wconf 91' lang='lat' dir='ltr'>mandante,</span> <span class='ocrx_word' id='word_1_505' title='bbox 1272 4010 1393 4056; x_wconf 89' lang='lat' dir='ltr'>sacrum</span> <span class='ocrx_word' id='word_1_506' title='bbox 1415 3994 1528 4058; x_wconf 84' lang='lat' dir='ltr'>facient</span> <span class='ocrx_word' id='word_1_507' title='bbox 1550 4012 1604 4074; x_wconf 91' lang='lat' dir='ltr'>pro</span> <span class='ocrx_word' id='word_1_508' title='bbox 1620 3997 1818 4062; x_wconf 82' lang='lat' dir='ltr'>benefactori·</span> 
     </span>
     <span class='ocr_line' id='line_1_96' title="bbox 1073 4087 1818 4172; baseline 0.008 -23"><span class='ocrx_word' id='word_1_509' title='bbox 1073 4087 1129 4150; x_wconf 93' lang='lat' dir='ltr'>bus</span> <span class='ocrx_word' id='word_1_510' title='bbox 1150 4095 1181 4150; x_wconf 91' lang='lat' dir='ltr'>et</span> <span class='ocrx_word' id='word_1_511' title='bbox 1202 4088 1326 4164; x_wconf 90' lang='lat' dir='ltr'>collegii</span> <span class='ocrx_word' id='word_1_512' title='bbox 1348 4089 1590 4152; x_wconf 89' lang='lat' dir='ltr'>necessitatibus.</span> <span class='ocrx_word' id='word_1_513' title='bbox 1608 4091 1723 4154; x_wconf 89' lang='lat' dir='ltr'>Omnes</span> <span class='ocrx_word' id='word_1_514' title='bbox 1744 4109 1818 4172; x_wconf 92' lang='lat' dir='ltr'>quo·</span> 
     </span>
     <span class='ocr_line' id='line_1_97' title="bbox 1075 4180 1818 4263; baseline 0.008 -21"><span class='ocrx_word' id='word_1_515' title='bbox 1075 4180 1146 4244; x_wconf 92' lang='lat' dir='ltr'>tidie</span> <span class='ocrx_word' id='word_1_516' title='bbox 1167 4191 1240 4244; x_wconf 90' lang='lat' dir='ltr'>ante</span> <span class='ocrx_word' id='word_1_517' title='bbox 1260 4183 1425 4262; x_wconf 91' lang='lat' dir='ltr'>prandium</span> <span class='ocrx_word' id='word_1_518' title='bbox 1447 4189 1478 4244; x_wconf 89' lang='lat' dir='ltr'>et</span> <span class='ocrx_word' id='word_1_519' title='bbox 1496 4199 1622 4246; x_wconf 90' lang='lat' dir='ltr'>coenam</span> <span class='ocrx_word' id='word_1_520' title='bbox 1644 4185 1713 4248; x_wconf 87' lang='lat' dir='ltr'>dato</span> <span class='ocrx_word' id='word_1_521' title='bbox 1728 4185 1818 4263; x_wconf 90' lang='lat' dir='ltr'>signo</span> 
     </span>
     <span class='ocr_line' id='line_1_98' title="bbox 1073 4275 1817 4344; baseline 0.005 -6"><span class='ocrx_word' id='word_1_522' title='bbox 1073 4277 1104 4339; x_wconf 93' lang='lat' dir='ltr'>in</span> <span class='ocrx_word' id='word_1_523' title='bbox 1127 4275 1208 4339; x_wconf 90' lang='lat' dir='ltr'>idem</span> <span class='ocrx_word' id='word_1_524' title='bbox 1239 4277 1410 4339; x_wconf 88' lang='lat' dir='ltr'>oratorium</span> <span class='ocrx_word' id='word_1_525' title='bbox 1439 4279 1628 4341; x_wconf 89' lang='lat' dir='ltr'>convenient</span> <span class='ocrx_word' id='word_1_526' title='bbox 1657 4280 1817 4344; x_wconf 88' lang='lat' dir='ltr'>recitaturi</span> 
     </span>
     <span class='ocr_line' id='line_1_99' title="bbox 1073 4369 1818 4455; baseline 0.009 -23"><span class='ocrx_word' id='word_1_527' title='bbox 1073 4369 1191 4433; x_wconf 90' lang='lat' dir='ltr'>litanias</span> <span class='ocrx_word' id='word_1_528' title='bbox 1213 4371 1322 4433; x_wconf 88' lang='lat' dir='ltr'>Beatae</span> <span class='ocrx_word' id='word_1_529' title='bbox 1338 4371 1449 4434; x_wconf 87' lang='lat' dir='ltr'>Mariae</span> <span class='ocrx_word' id='word_1_530' title='bbox 1465 4372 1614 4450; x_wconf 85' lang='lat' dir='ltr'>Virginis,</span> <span class='ocrx_word' id='word_1_531' title='bbox 1631 4383 1662 4436; x_wconf 91' lang='lat' dir='ltr'>et</span> <span class='ocrx_word' id='word_1_532' title='bbox 1676 4376 1818 4455; x_wconf 91' lang='lat' dir='ltr'>antipbo·</span> 
     </span>
     <span class='ocr_line' id='line_1_100' title="bbox 1073 4463 1817 4548; baseline 0.011 -23"><span class='ocrx_word' id='word_1_533' title='bbox 1073 4480 1143 4525; x_wconf 93' lang='lat' dir='ltr'>nam</span> <span class='ocrx_word' id='word_1_534' title='bbox 1167 4463 1259 4528; x_wconf 87' lang='lat' dir='ltr'>Soloe</span> <span class='ocrx_word' id='word_1_535' title='bbox 1281 4467 1392 4546; x_wconf 73' lang='lat' dir='ltr'>regino</span> <span class='ocrx_word' id='word_1_536' title='bbox 1413 4474 1466 4529; x_wconf 91' lang='lat' dir='ltr'>aut</span> <span class='ocrx_word' id='word_1_537' title='bbox 1487 4467 1576 4529; x_wconf 92' lang='lat' dir='ltr'>aliam</span> <span class='ocrx_word' id='word_1_538' title='bbox 1599 4486 1655 4548; x_wconf 90' lang='lat' dir='ltr'>pro</span> <span class='ocrx_word' id='word_1_539' title='bbox 1678 4478 1817 4548; x_wconf 90' lang='lat' dir='ltr'>tempore</span> 
     </span>
     <span class='ocr_line' id='line_1_101' title="bbox 1073 4559 1818 4639; baseline 0.012 -20"><span class='ocrx_word' id='word_1_540' title='bbox 1073 4574 1133 4619; x_wconf 91' lang='lat' dir='ltr'>una</span> <span class='ocrx_word' id='word_1_541' title='bbox 1162 4574 1234 4621; x_wconf 89' lang='lat' dir='ltr'>cum</span> <span class='ocrx_word' id='word_1_542' title='bbox 1264 4559 1418 4622; x_wconf 89' lang='lat' dir='ltr'>consuetis</span> <span class='ocrx_word' id='word_1_543' title='bbox 1450 4562 1602 4639; x_wconf 88' lang='lat' dir='ltr'>precibus.</span> <span class='ocrx_word' id='word_1_544' title='bbox 1636 4564 1764 4626; x_wconf 90' lang='lat' dir='ltr'>Prandio</span> <span class='ocrx_word' id='word_1_545' title='bbox 1786 4574 1818 4628; x_wconf 92' lang='lat' dir='ltr'>et</span> 
     </span>
     <span class='ocr_line' id='line_1_102' title="bbox 1072 4652 1818 4732; baseline 0.008 -18"><span class='ocrx_word' id='word_1_546' title='bbox 1072 4668 1165 4714; x_wconf 90' lang='lat' dir='ltr'>coena</span> <span class='ocrx_word' id='word_1_547' title='bbox 1186 4652 1334 4726; x_wconf 90' lang='lat' dir='ltr'>absoluta,</span> <span class='ocrx_word' id='word_1_548' title='bbox 1354 4655 1457 4715; x_wconf 89' lang='lat' dir='ltr'>cuncti</span> <span class='ocrx_word' id='word_1_549' title='bbox 1479 4657 1594 4732; x_wconf 88' lang='lat' dir='ltr'>pariter</span> <span class='ocrx_word' id='word_1_550' title='bbox 1615 4657 1647 4719; x_wconf 95' lang='lat' dir='ltr'>in</span> <span class='ocrx_word' id='word_1_551' title='bbox 1670 4659 1751 4721; x_wconf 89' lang='lat' dir='ltr'>idem</span> <span class='ocrx_word' id='word_1_552' title='bbox 1772 4677 1818 4722; x_wconf 90' lang='lat' dir='ltr'>sa-</span> 
     </span>
     <span class='ocr_line' id='line_1_103' title="bbox 1072 4747 1817 4827; baseline 0.012 -21"><span class='ocrx_word' id='word_1_553' title='bbox 1072 4747 1185 4807; x_wconf 89' lang='lat' dir='ltr'>cellum</span> <span class='ocrx_word' id='word_1_554' title='bbox 1208 4753 1289 4808; x_wconf 90' lang='lat' dir='ltr'>recta</span> <span class='ocrx_word' id='word_1_555' title='bbox 1319 4753 1461 4824; x_wconf 89' lang='lat' dir='ltr'>pergent,</span> <span class='ocrx_word' id='word_1_556' title='bbox 1484 4749 1589 4827; x_wconf 91' lang='lat' dir='ltr'>ibique</span> <span class='ocrx_word' id='word_1_557' title='bbox 1616 4751 1817 4815; x_wconf 86' lang='lat' dir='ltr'>eucharistico</span> 
     </span>
     <span class='ocr_line' id='line_1_104' title="bbox 1070 4841 1816 4918; baseline 0.012 -18"><span class='ocrx_word' id='word_1_558' title='bbox 1070 4847 1261 4918; x_wconf 86' lang='lat' dir='ltr'>sacramento</span> <span class='ocrx_word' id='word_1_559' title='bbox 1283 4841 1443 4903; x_wconf 88' lang='lat' dir='ltr'>humiliter</span> <span class='ocrx_word' id='word_1_560' title='bbox 1472 4843 1602 4904; x_wconf 88' lang='lat' dir='ltr'>salutato</span> <span class='ocrx_word' id='word_1_561' title='bbox 1630 4845 1816 4909; x_wconf 91' lang='lat' dir='ltr'>dominicam</span> 
     </span>
     <span class='ocr_line' id='line_1_105' title="bbox 1071 4935 1815 5016; baseline 0.008 -22"><span class='ocrx_word' id='word_1_562' title='bbox 1071 4935 1242 4995; x_wconf 86' lang='lat' dir='ltr'>orationem</span> <span class='ocrx_word' id='word_1_563' title='bbox 1270 4941 1302 4995; x_wconf 91' lang='lat' dir='ltr'>el</span> <span class='ocrx_word' id='word_1_564' title='bbox 1326 4936 1544 4999; x_wconf 86' lang='lat' dir='ltr'>salutationem</span> <span class='ocrx_word' id='word_1_565' title='bbox 1573 4937 1742 5016; x_wconf 87' lang='lat' dir='ltr'>angelicam</span> <span class='ocrx_word' id='word_1_566' title='bbox 1769 4957 1815 5000; x_wconf 89' lang='lat' dir='ltr'>se-</span> 
     </span>
     <span class='ocr_line' id='line_1_106' title="bbox 1071 5027 1816 5110; baseline 0.005 -22"><span class='ocrx_word' id='word_1_567' title='bbox 1071 5037 1154 5089; x_wconf 91' lang='lat' dir='ltr'>creto</span> <span class='ocrx_word' id='word_1_568' title='bbox 1170 5033 1215 5089; x_wconf 87' lang='lat' dir='ltr'>ter</span> <span class='ocrx_word' id='word_1_569' title='bbox 1229 5027 1416 5092; x_wconf 89' lang='lat' dir='ltr'>recitabunt.</span> <span class='ocrx_word' id='word_1_570' title='bbox 1437 5029 1571 5107; x_wconf 82' lang='lat' dir='ltr'>Vespere</span> <span class='ocrx_word' id='word_1_571' title='bbox 1585 5039 1702 5108; x_wconf 89' lang='lat' dir='ltr'>autem,</span> <span class='ocrx_word' id='word_1_572' title='bbox 1718 5032 1816 5110; x_wconf 91' lang='lat' dir='ltr'>prius-</span> 
     </span>
     <span class='ocr_line' id='line_1_107' title="bbox 1070 5123 1817 5204; baseline 0.008 -23"><span class='ocrx_word' id='word_1_573' title='bbox 1070 5137 1161 5201; x_wconf 91' lang='lat' dir='ltr'>quam</span> <span class='ocrx_word' id='word_1_574' title='bbox 1183 5123 1293 5184; x_wconf 93' lang='lat' dir='ltr'>adeant</span> <span class='ocrx_word' id='word_1_575' title='bbox 1314 5124 1464 5199; x_wconf 89' lang='lat' dir='ltr'>oubicula,</span> <span class='ocrx_word' id='word_1_576' title='bbox 1482 5141 1536 5204; x_wconf 92' lang='lat' dir='ltr'>per</span> <span class='ocrx_word' id='word_1_577' title='bbox 1551 5125 1644 5186; x_wconf 93' lang='lat' dir='ltr'>borae</span> <span class='ocrx_word' id='word_1_578' title='bbox 1665 5128 1817 5204; x_wconf 89' lang='lat' dir='ltr'>quadran-</span> 
     </span>
     <span class='ocr_line' id='line_1_108' title="bbox 1072 5218 1814 5295; baseline 0.007 -19"><span class='ocrx_word' id='word_1_579' title='bbox 1072 5224 1134 5277; x_wconf 92' lang='lat' dir='ltr'>tem</span> <span class='ocrx_word' id='word_1_580' title='bbox 1154 5233 1227 5278; x_wconf 90' lang='lat' dir='ltr'>suae</span> <span class='ocrx_word' id='word_1_581' title='bbox 1249 5218 1377 5295; x_wconf 91' lang='lat' dir='ltr'>quisque</span> <span class='ocrx_word' id='word_1_582' title='bbox 1398 5219 1606 5280; x_wconf 91' lang='lat' dir='ltr'>conscientiae</span> <span class='ocrx_word' id='word_1_583' title='bbox 1626 5219 1762 5281; x_wconf 86' lang='lat' dir='ltr'>examini</span> <span class='ocrx_word' id='word_1_584' title='bbox 1781 5220 1814 5281; x_wconf 92' lang='lat' dir='ltr'>in</span> 
     </span>
     <span class='ocr_line' id='line_1_109' title="bbox 1070 5309 1815 5389; baseline 0.003 -17"><span class='ocrx_word' id='word_1_585' title='bbox 1070 5309 1176 5372; x_wconf 90' lang='lat' dir='ltr'>eodem</span> <span class='ocrx_word' id='word_1_586' title='bbox 1198 5312 1307 5374; x_wconf 89' lang='lat' dir='ltr'>sacello</span> <span class='ocrx_word' id='word_1_587' title='bbox 1322 5329 1431 5375; x_wconf 90' lang='lat' dir='ltr'>vacare</span> <span class='ocrx_word' id='word_1_588' title='bbox 1446 5313 1583 5389; x_wconf 75' lang='lat' dir='ltr'>debebit3</span> <span class='ocrx_word' id='word_1_589' title='bbox 1600 5312 1674 5376; x_wconf 90' lang='lat' dir='ltr'>binc</span> <span class='ocrx_word' id='word_1_590' title='bbox 1688 5315 1815 5376; x_wconf 91' lang='lat' dir='ltr'>medita-</span> 
     </span>
     <span class='ocr_line' id='line_1_110' title="bbox 1071 5406 1815 5486; baseline 0.001 -18"><span class='ocrx_word' id='word_1_591' title='bbox 1071 5406 1161 5468; x_wconf 91' lang='lat' dir='ltr'>tionis</span> <span class='ocrx_word' id='word_1_592' title='bbox 1175 5415 1397 5482; x_wconf 87' lang='lat' dir='ltr'>argumentum</span> <span class='ocrx_word' id='word_1_593' title='bbox 1413 5423 1467 5485; x_wconf 91' lang='lat' dir='ltr'>pro</span> <span class='ocrx_word' id='word_1_594' title='bbox 1482 5407 1531 5469; x_wconf 91' lang='lat' dir='ltr'>die</span> <span class='ocrx_word' id='word_1_595' title='bbox 1546 5417 1667 5484; x_wconf 91' lang='lat' dir='ltr'>postero</span> <span class='ocrx_word' id='word_1_596' title='bbox 1679 5425 1714 5469; x_wconf 87' lang='lat' dir='ltr'>ex</span> <span class='ocrx_word' id='word_1_597' title='bbox 1729 5425 1815 5486; x_wconf 92' lang='lat' dir='ltr'>prae·</span> 
     </span>
     <span class='ocr_line' id='line_1_111' title="bbox 1068 5501 1815 5580; baseline -0.001 -18"><span class='ocrx_word' id='word_1_598' title='bbox 1068 5501 1180 5578; x_wconf 89' lang='lat' dir='ltr'>scripto</span> <span class='ocrx_word' id='word_1_599' title='bbox 1202 5501 1328 5562; x_wconf 86' lang='lat' dir='ltr'>rectoris</span> <span class='ocrx_word' id='word_1_600' title='bbox 1350 5501 1402 5562; x_wconf 89' lang='lat' dir='ltr'>vel</span> <span class='ocrx_word' id='word_1_601' title='bbox 1425 5501 1491 5563; x_wconf 91' lang='lat' dir='ltr'>vice</span> <span class='ocrx_word' id='word_1_602' title='bbox 1512 5502 1641 5564; x_wconf 89' lang='lat' dir='ltr'>rectoris</span> <span class='ocrx_word' id='word_1_603' title='bbox 1662 5501 1815 5580; x_wconf 83' lang='lat' dir='ltr'>significa·</span> 
     </span>
     <span class='ocr_line' id='line_1_112' title="bbox 1069 5596 1813 5677; baseline 0.003 -19"><span class='ocrx_word' id='word_1_604' title='bbox 1069 5596 1168 5671; x_wconf 69' lang='lat' dir='ltr'>bitum</span> <span class='ocrx_word' id='word_1_605' title='bbox 1190 5596 1303 5674; x_wconf 87' lang='lat' dir='ltr'>quibus</span> <span class='ocrx_word' id='word_1_606' title='bbox 1325 5597 1465 5674; x_wconf 90' lang='lat' dir='ltr'>peractis,</span> <span class='ocrx_word' id='word_1_607' title='bbox 1490 5611 1591 5676; x_wconf 90' lang='lat' dir='ltr'>neque</span> <span class='ocrx_word' id='word_1_608' title='bbox 1612 5596 1813 5677; x_wconf 82' lang='lat' dir='ltr'>confabulari,</span> 
     </span>
     <span class='ocr_line' id='line_1_113' title="bbox 1068 5687 1814 5767; baseline 0.007 -17"><span class='ocrx_word' id='word_1_609' title='bbox 1068 5690 1226 5767; x_wconf 92' lang='lat' dir='ltr'>nequead</span> <span class='ocrx_word' id='word_1_610' title='bbox 1247 5687 1385 5750; x_wconf 90' lang='lat' dir='ltr'>studium</span> <span class='ocrx_word' id='word_1_611' title='bbox 1416 5688 1595 5752; x_wconf 89' lang='lat' dir='ltr'>incumbere</span> <span class='ocrx_word' id='word_1_612' title='bbox 1624 5691 1739 5765; x_wconf 89' lang='lat' dir='ltr'>licebit,</span> <span class='ocrx_word' id='word_1_613' title='bbox 1761 5694 1814 5756; x_wconf 92' lang='lat' dir='ltr'>sed</span> 
     </span>
     <span class='ocr_line' id='line_1_114' title="bbox 1067 5781 1813 5864; baseline 0.003 -20"><span class='ocrx_word' id='word_1_614' title='bbox 1067 5783 1170 5844; x_wconf 90' lang='lat' dir='ltr'>cuncti</span> <span class='ocrx_word' id='word_1_615' title='bbox 1190 5798 1311 5843; x_wconf 90' lang='lat' dir='ltr'>summa</span> <span class='ocrx_word' id='word_1_616' title='bbox 1329 5798 1401 5844; x_wconf 93' lang='lat' dir='ltr'>cum</span> <span class='ocrx_word' id='word_1_617' title='bbox 1417 5781 1610 5845; x_wconf 88' lang='lat' dir='ltr'>modestiaet</span> <span class='ocrx_word' id='word_1_618' title='bbox 1624 5783 1749 5847; x_wconf 91' lang='lat' dir='ltr'>silentio</span> <span class='ocrx_word' id='word_1_619' title='bbox 1763 5801 1813 5864; x_wconf 89' lang='lat' dir='ltr'>pe-</span> 
     </span>
     <span class='ocr_line' id='line_1_115' title="bbox 1068 5875 1813 5952; baseline 0.005 -15"><span class='ocrx_word' id='word_1_620' title='bbox 1068 5882 1134 5938; x_wconf 90' lang='lat' dir='ltr'>tent</span> <span class='ocrx_word' id='word_1_621' title='bbox 1155 5875 1321 5952; x_wconf 91' lang='lat' dir='ltr'>conclavia,</span> <span class='ocrx_word' id='word_1_622' title='bbox 1345 5883 1376 5939; x_wconf 89' lang='lat' dir='ltr'>et</span> <span class='ocrx_word' id='word_1_623' title='bbox 1397 5876 1431 5938; x_wconf 91' lang='lat' dir='ltr'>ad</span> <span class='ocrx_word' id='word_1_624' title='bbox 1454 5877 1629 5940; x_wconf 90' lang='lat' dir='ltr'>cubandum</span> <span class='ocrx_word' id='word_1_625' title='bbox 1651 5893 1717 5940; x_wconf 90' lang='lat' dir='ltr'>sese</span> <span class='ocrx_word' id='word_1_626' title='bbox 1731 5895 1813 5941; x_wconf 93' lang='lat' dir='ltr'>com·</span> 
     </span>
     <span class='ocr_line' id='line_1_116' title="bbox 1066 5974 1193 6050; baseline -0.031 -18"><span class='ocrx_word' id='word_1_627' title='bbox 1066 5974 1193 6050; x_wconf 87' lang='lat' dir='ltr'>ponent.</span> 
     </span>
    </p>
   </div>
   <div class='ocr_carea' id='block_1_18' title="bbox 1677 6121 1705 6167">
    <p class='ocr_par' dir='ltr' id='par_1_24' title="bbox 1677 6121 1705 6167">
     <span class='ocr_line' id='line_1_117' title="bbox 1677 6121 1705 6167; baseline 0 0"><span class='ocrx_word' id='word_1_628' title='bbox 1677 6121 1705 6167; x_wconf 78' lang='lat'>⁸⁴</span> 
     </span>
    </p>
   </div>
   <div class='ocr_carea' id='block_1_19' title="bbox 0 0 2408 6985">
    <p class='ocr_par' dir='ltr' id='par_1_25' title="bbox 0 0 2408 6985">
     <span class='ocr_line' id='line_1_118' title="bbox 0 0 2408 6985; baseline 0 0"><span class='ocrx_word' id='word_1_629' title='bbox 0 0 2408 6985; x_wconf 95' lang='lat' dir='ltr'> </span> 
     </span>
    </p>
   </div>
   <div class='ocr_carea' id='block_1_20' title="bbox 1747 558 2045 626">
    <p class='ocr_par' dir='ltr' id='par_1_26' title="bbox 1747 558 2045 626">
     <span class='ocr_line' id='line_1_119' title="bbox 1747 558 2045 626; baseline -0.003 -13"><span class='ocrx_word' id='word_1_630' title='bbox 1747 562 1806 626; x_wconf 78' lang='lat' dir='ltr'>oud</span> <span class='ocrx_word' id='word_1_631' title='bbox 1856 558 1955 614; x_wconf 70' lang='grc' dir='ltr'>(ιιι.</span> <span class='ocrx_word' id='word_1_632' title='bbox 1976 558 2045 612; x_wconf 85' lang='lat' dir='ltr'>reae</span> 
     </span>
    </p>
   </div>
  </div>
 </body>
</html>
