4754 6966
323 509 377 566 Aa.
392 515 422 567 6.
444 514 512 566 1766

336 2343 424 2387 Preces
456 2351 522 2386 orre-

309 2397 416 2440 666666
439 2351 454 2440 P
505 2449 509 2458 ·

309 2449 375 2493 tates
394 2448 522 2504 Arcnrepr

309 2501 522 2601 statutarum

310 2607 408 2654 lusdern
426 2619 522 2654 succes·

309 2671 392 2706 sorem
429 2665 521 2708 exica-

310 2713 413 2761 dantur.

449 2395 523 2441 acui-

563 513 619 578 lto

542 660 630 714 tanae
653 651 804 713 Ecclesiae
832 653 1002 732 praedictae
1026 654 1162 730 legitime
1191 655 1284 731 depa-

542 744 714 818 labereris
735 745 939 808 existentibus
962 746 1103 820 narratis,
1116 763 1288 825 eoruruqae

541 836 673 898 veritate
688 853 743 915 per
756 846 853 899 certas
869 855 903 902 66
919 839 1072 916 legitimas
1092 841 1287 918 probationes

541 937 709 1008 comperta,
736 931 953 1006 concessimus,
977 939 1008 994 et
1031 932 1230 1008 iadaisimaS,
1253 951 1287 996 ac

541 1031 662 1102 praeter
683 1025 841 1088 facultates
857 1025 888 1087 in
904 1027 1158 1104 praecedentibus
1174 1027 1287 1089 nostris

542 1118 638 1180 literis
649 1119 765 1182 eisdem
783 1119 843 1181 iam
857 1120 1031 1196 attributas,
1044 1121 1178 1200 aliasque
1192 1121 1287 1184 ctiam

541 1213 578 1274 de
601 1228 682 1274 novo
705 1211 777 1290 ipsis
798 1229 965 1286 concessas,
986 1220 1019 1276 ut
1041 1215 1211 1292 capitulam
1235 1231 1287 1291 ge-

541 1307 647 1368 nerale
669 1306 809 1385 proxime
829 1306 1006 1368 habentium
1030 1309 1205 1370 incivitate
1226 1310 1288 1372 bie·

542 1399 646 1460 sicana
668 1415 851 1474 convocare,
881 1405 923 1474 et,
953 1400 979 1459 si
1003 1402 1213 1462 necessariam
1234 1409 1286 1464 aut

541 1496 708 1573 expediens
730 1495 819 1571 toret,
843 1497 877 1558 ad
900 1497 1021 1576 aliquod
1049 1495 1142 1560 brer'e
1164 1506 1287 1576 tempus

542 1606 596 1667 pro
619 1589 685 1650 eius
706 1589 833 1651 arbitrio
854 1599 885 1652 ct
907 1590 1094 1653 conscientia
1120 1607 1287 1668 prorogare

542 1690 640 1761 posset
661 1683 744 1744 dicto
758 1683 992 1762 brclriepiscopo
1007 1685 1176 1759 biexicano,
1192 1691 1233 1761 et,
1250 1701 1287 1746 eo

542 1795 604 1841 aaa
633 1779 787 1843 existente
818 1795 851 1839 ac
882 1779 964 1840 viana
997 1780 1160 1841 arrirersae
1188 1780 1287 1842 carnis

541 1874 692 1948 ingresso,
710 1872 831 1935 iiicario
845 1873 1002 1951 capitulari
1021 1872 1172 1951 praedicto
1194 1872 1287 1934 iacul-

542 1973 634 2028 latem
658 1967 810 2041 dedimus,
833 1974 925 2044 atque
947 1966 1121 2036 tribuimus.
1146 1985 1179 2029 66
1202 1967 1285 2042 alim,

541 2067 633 2136 proni
655 2059 686 2120 ia
709 2059 797 2120 dictis
820 2059 933 2121 uostris
947 2059 1064 2133 literis,
1081 2060 1213 2138 aquarum
1238 2077 1287 2138 pa-

541 2152 617 2213 riter
642 2160 785 2214 tenorem
814 2153 1024 2229 praesentibus
1052 2168 1106 2230 pro
1133 2154 1286 2232 expressis

541 2246 644 2308 baberi
667 2246 823 2319 volumus,
846 2246 972 2308 ulrerius
994 2247 1183 2309 continetur.

579 2341 598 2414 ἓ
620 2340 647 2401 3.
672 2337 779 2417 Nuper
805 2344 909 2400 autem
933 2339 1020 2401 nobis
1048 2341 1191 2418 exposuit
1212 2342 1286 2403 diie-

540 2443 606 2496 otus
621 2435 701 2496 iilius
715 2441 821 2495 noster
837 2434 992 2496 Antonius
1007 2433 1144 2496 Andreas
1159 2434 1189 2496 S.
1202 2436 1236 2497 ii.
1249 2436 1284 2496 E.

542 2529 701 2608 presbyter
713 2527 881 2591 cardinalis
892 2528 967 2591 Galli
986 2537 1193 2607 nuncupatas,
1207 2530 1287 2592 eius-

541 2624 610 2684 dem
639 2621 772 2695 Ordinis,
802 2628 833 2682 et
861 2620 992 2682 iratrum
1027 2622 1285 2684 Beiirierniturum

541 2718 619 2796 apud
642 2733 697 2779 nos
719 2724 750 2777 ct
773 2717 850 2778 iaaac
868 2715 1071 2794 bpostolicam
1088 2717 1199 2779 Sedem
1216 2733 1285 2794 pro·

541 2818 650 2885 tector,
673 2811 752 2886 qued
780 2817 978 2887 posteaquam
1001 2810 1100 2882 elicias
1128 2811 1285 2889 brciriepi·

539 2919 647 2981 scopus
666 2902 841 2964 biexicaaas
857 2902 964 2979 rigore
979 2903 1157 2966 iacxaitatuar
1180 2904 1235 2966 silai
1255 2906 1284 2966 ia

541 2997 702 3076 praedictis
717 2996 829 3058 nostris
845 2995 943 3057 literis
959 2996 1144 3058 tributarum
1169 3015 1285 3062 memo-

541 3097 644 3152 ratum
677 3089 812 3166 priorem
844 3097 1018 3151 conventus
1049 3091 1286 3156 cuatimaiensis

541 3181 640 3244 oidcie
669 3181 782 3244 iiicarii
804 3181 975 3258 generalis,
999 3199 1053 3259 per
1079 3183 1227 3262 scipsum,
1252 3193 1286 3246 ui

541 3273 730 3353 praeterlur,
754 3273 890 3337 indebite
916 3293 949 3337 ac
976 3275 1140 3352 illegitime
1171 3294 1283 3340 assum·

540 3374 604 3446 plo,
628 3367 813 3446 privaverat,
830 3384 863 3429 ac
885 3367 916 3429 in
939 3367 1006 3430 eius
1028 3369 1130 3432 locun
1147 3369 1287 3448 primam

540 3463 734 3524 assistentem
756 3461 827 3523 dicti
850 3462 966 3524 ordinis
989 3462 1071 3524 iuxta
1092 3464 1225 3541 capili.
1250 3464 1285 3525 ii-

541 3555 600 3616 lius
629 3554 897 3618 constitutionum
927 3563 1085 3633 posuerat,
1111 3557 1193 3618 riam
1217 3557 1286 3620 uai-

541 3664 645 3710 versae
662 3648 761 3710 carnis
776 3649 858 3709 idem
875 3648 1059 3710 Emmanuel
1075 3649 1286 3728 brairiepisco-

541 3757 597 3820 pus
620 3742 776 3818 ingressus
791 3741 861 3816 luit,
879 3759 996 3820 aesque
1019 3743 1170 3806 Ecclesiae
1192 3745 1286 3807 biexi-

539 3851 591 3897 666
612 3837 799 3914 praedictae,
823 3836 952 3914 pastoris
972 3837 1079 3898 solatio
1108 3837 1284 3914 destitutae,

541 3928 749 3990 venerabilem
763 3927 890 3990 tratrem
904 3931 1100 3993 Franciscum
1112 3930 1285 3994 batoaiam

540 4021 572 4083 ia
594 4021 868 4099 archiepiscopum
898 4023 1101 4100 praefecimus
1128 4034 1159 4090 et
1187 4034 1285 4103 pasio-

541 4129 617 4175 rem.
650 4114 729 4176 cura
758 4121 873 4188 autem,
896 4115 977 4176 sicat
998 4116 1106 4178 eadem
1135 4118 1285 4195 expositio

539 4207 757 4283 subiungebat,
770 4207 800 4268 in
812 4207 973 4285 praedictis
988 4210 1100 4272 nostris
1114 4209 1209 4272 literis
1225 4211 1285 4276 diei

540 4317 641 4362 xxrrr.
666 4301 781 4362 mensis
802 4303 923 4378 augusti
946 4318 1118 4365 uaccuxrv.
1138 4304 1185 4365 ius
1203 4320 1286 4381 prae-

538 4393 657 4456 sidendi
681 4394 762 4455 dicto
789 4393 937 4470 capitulo,
961 4394 1100 4472 aliaeque
1128 4396 1285 4458 iacultales

540 4487 570 4547 in
584 4487 627 4576 eis
640 4493 803 4548 contentae
816 4495 987 4549 memorato
1001 4489 1196 4552 Emmanueli
1210 4497 1286 4552 tanc

540 4579 774 4658 brebiepiscopo
788 4580 956 4653 biexicane,
973 4586 1016 4655 ct,
1033 4582 1099 4643 eius
1114 4583 1199 4646 obitu
1215 4600 1285 4646 ere·

540 4674 657 4747 aiente,
685 4671 804 4735 liieaaie
827 4673 924 4736 dictae
950 4676 1207 4752 metropolitanae
1238 4694 1285 4739 ec·

538 4767 646 4829 616666
661 4767 818 4846 capitulari
835 4768 974 4844 legitime
991 4769 1136 4847 deputato
1153 4771 1286 4834 tributae

538 4862 672 4938 iaeriai,
706 4863 791 4925 nulla
821 4863 852 4924 ia
881 4861 990 4924 eodem
1023 4865 1284 4944 archiepiscopatu

536 4971 750 5018 successorum
772 4955 849 5018 lacta
871 4958 1049 5034 meatioae3
1073 4958 1157 5034 irinc,
1175 4975 1214 5020 ne
1229 4959 1284 5021 du-

537 5049 654 5111 bitandi
676 5049 792 5110 occasio
813 5049 913 5128 aliqua
936 5067 1074 5127 uuquam
1096 5052 1225 5126 oriatur,
1242 5065 1284 5115 at·

537 5157 598 5219 que
630 5148 664 5203 66
690 5141 938 5220 perturbationes
970 5159 1078 5205 carnes
1110 5147 1216 5222 procul
1247 5148 1284 5209 ab

538 5234 646 5297 ordine
676 5235 855 5296 huiusmodi
887 5242 1061 5309 arceantur,
1086 5235 1167 5300 idem
1189 5240 1283 5300 bato-

538 5328 609 5391 aius
636 5328 771 5390 Andreas
800 5327 969 5390 cardinalis
998 5337 1028 5390 et
1056 5333 1284 5408 prolectarius

537 5419 728 5502 praesidendi
754 5430 923 5482 memorato
945 5423 1089 5500 capitulo,
1106 5430 1137 5484 et
1159 5425 1285 5487 6666166-

537 5524 582 5577 tes
604 5529 712 5576 omnes
728 5513 759 5575 in
775 5514 1029 5592 praecedentibus
1051 5518 1164 5579 raostris
1186 5517 1284 5580 literis

537 5615 715 5682 contentas,
738 5623 896 5685 expressas
918 5617 948 5669 et
977 5611 1150 5686 attributas,
1181 5613 1284 5674 denuo

537 5702 571 5762 ad
594 5701 769 5762 cambeiam
782 5709 822 5762 et
843 5700 878 5761 ad
901 5717 1029 5763 onmem
1051 5711 1081 5765 et
1103 5721 1283 5782 quemcum-

537 5809 597 5871 que
620 5794 737 5856 boaum
761 5796 856 5856 daem
875 5803 906 5856 et
928 5795 1071 5856 ellectum
1094 5795 1174 5859 dicto
1190 5799 1284 5860 Fratr-

536 5887 614 5949 6666
636 5887 772 5950 Antonio
794 5887 943 5951 moderno
964 5890 1201 5970 Archiepisccpo
1223 5893 1285 5956 bie-

1066 533 1127 577 ttlu.
1154 533 1245 578 Portu.
1270 533 1309 576 DE
1332 532 1361 576 P·
1385 531 1413 576 F·
1439 532 1520 577 PARS
1542 533 1563 575 1.

2121 511 2175 564 An.
2190 513 2221 564 (l.
2246 509 2325 563 1766

1346 651 1454 713 xicaao
1475 653 1600 713 concedi
1622 659 1652 712 ei
1676 652 1781 727 tribui,
1799 651 1928 731 aliisque
1951 654 1982 714 in
2006 669 2090 730 prae·

1345 743 1444 804 missis
1466 760 1521 822 per
1536 761 1591 805 nos
1613 753 1787 823 opportune
1809 747 1977 825 provideri,
2001 753 2033 808 et
2056 756 2090 810 66

1345 836 1422 898 inixa
1447 837 1613 914 indulgeri,
1635 854 1835 916 summopere
1856 842 2026 903 desideret:

1383 931 1402 1006 ἓ
1423 931 1451 992 b.
1471 931 1543 1005 Nos,
1559 931 1834 1008 supplicationibus
1850 933 1945 1011 ipsius
1960 935 2088 998 bulonii
2123 941 2257 984 P⁰tr00¹³³
2278 948 2336 992 pre-

2108 992 2282 1037 cesPontiiex
2292 1001 2335 1035 ex·
2371 1035 2372 1042 ,

1344 1023 1483 1086 Andreae
1500 1021 1668 1087 cardinalis
1683 1032 1714 1086 et
1728 1027 1909 1104 protectoris
1923 1046 2017 1108 super
2032 1031 2090 1093 boc
2108 1045 2185 1102 cipit,
2209 1043 2335 1090 taenara-

1344 1117 1505 1180 iaumiiiter
1519 1117 1670 1195 porrectis
1686 1118 1837 1195 inclinati,
1855 1121 1900 1182 ias
1915 1123 2088 1199 praesidea-
2107 1102 2334 1210 ffi{f¹¹,¹,}qu‘{,³{‘{,¹},‘.

1344 1211 1373 1272 di
1396 1210 1427 1273 in
1450 1211 1584 1289 praelato
1605 1212 1751 1289 capitulo,
1774 1229 1808 1275 66
1827 1230 1934 1276 omnes
1954 1223 1986 1276 et
2001 1233 2088 1294 quas-
2109 1207 2200 1252 armar.

1343 1319 1475 1382 cumque
1491 1304 1648 1367 facultates
1673 1306 1905 1383 quomodolibet
1921 1309 1952 1370 ia
1969 1325 2102 1388 praece

1344 1399 1488 1460 dentibus
1516 1398 1630 1460 nostris
1657 1394 1764 1460 literis
1782 1400 1902 1462 dierum
1936 1419 1990 1464 rra.
2021 1403 2089 1466 iulii

1344 1508 1524 1555 unccaxnr.
1548 1499 1579 1554 et
1602 1509 1700 1555 xxvix.
1725 1494 1848 1570 augusti
1872 1506 2089 1559 6666666666

1344 1585 1527 1663 praefertur,
1544 1586 1644 1647 cidem
1664 1586 1859 1648 Emmanueii
1876 1591 2090 1652 6666666166-

1344 1678 1465 1756 piscopo
1487 1679 1645 1740 blexicaao
1666 1679 1761 1753 datas,
1783 1697 1939 1742 concessas
1956 1693 1987 1745 66
2002 1686 2089 1747 aliri-

1345 1775 1442 1849 botas,
1466 1782 1618 1853 quatenns
1648 1791 1723 1854 opas
1745 1777 1802 1850 sit,
1825 1777 1928 1839 xleauo
1955 1780 2089 1857 praelato

1344 1869 1503 1930 i'raracisco
1525 1871 1661 1930 bntoaio
1684 1868 1832 1932 moderno
1854 1870 2088 1951 brcldepiscopo

1344 1961 1512 2036 blericurte,
1539 1980 1572 2024 66
1596 1980 1651 2041 pro
1674 1967 1813 2041 tempore
1841 1965 1986 2026 existenti
2008 1968 2088 2027 eius-

1343 2057 1413 2120 dem
1427 2059 1599 2120 biexicanao
1612 2059 1764 2120 Ecclesiae
1775 2060 2012 2140 brelriepiscopo
2022 2083 2087 2128 suc·

1342 2151 1470 2225 cessari,
1498 2167 1597 2228 eoque
1627 2151 1773 2230 impedito
1803 2154 1884 2214 illias
1914 2155 2034 2218 Vicerio
2057 2160 2088 2220 in

1342 2245 1553 2324 spiritualibus
1575 2246 1723 2320 generali,
1743 2263 1798 2308 sea
1820 2249 1952 2324 oidciaii,
1969 2259 2000 2312 66
2014 2269 2088 2331 666-

1343 2338 1410 2411 ties,
1434 2339 1514 2416 qaod
1533 2339 1612 2400 Deus
1627 2346 1757 2414 avertat,
1774 2341 1860 2402 sedes
1877 2343 2089 2424 brclriepiscu-

1343 2429 1417 2508 palis
1439 2431 1596 2491 biexicana
1626 2449 1734 2493 vacare
1761 2433 1943 2510 coartigeril,
1969 2435 2088 2499 liii-ario

1341 2524 1499 2602 capitulari
1516 2524 1652 2586 eiusdem
1667 2527 1922 2603 metropolitanae
1938 2529 2089 2592 Ecclesiae

1344 2617 1482 2693 legitime
1498 2621 1655 2695 deputato,
1672 2621 1853 2682 arroteritate
1868 2625 2029 2700 apostolica
2047 2635 2088 2688 te·

1344 2727 1418 2772 nare
1442 2711 1650 2788 praesentiam
1673 2713 1881 2790 concedimus,
1909 2717 2086 2795 tribuimus,

1341 2809 1373 2862 ot
1386 2802 1602 2880 indulgemus,
1616 2803 1796 2882 eisdemque
1808 2815 1963 2883 praeterea
1979 2828 2090 2874 orrrnes

1342 2903 1373 2957 et
1395 2913 1606 2982 quascumque
1630 2896 1846 2960 innovationes
1879 2909 1945 2978 post
1967 2903 2090 2967 obitum

1342 2990 1413 3052 dicti
1439 2989 1652 3051 Emmanuelis
1667 2990 1895 3072 brcbicpiscopi
1918 3005 2024 3058 cantra
2047 3007 2089 3060 tc·

1342 3099 1449 3144 aorem
1467 3100 1499 3144 66
1515 3083 1748 3162 dispositionem
1764 3086 2024 3150 constitutionum
2041 3108 2090 3152 or·
2133 3165 2138 3176 ι

1341 3177 1422 3240 dinis
1444 3177 1632 3251 huiusmodi,
1648 3179 1815 3257 omniaque
1840 3188 1870 3242 ei
1894 3182 2016 3258 singula
2038 3189 2112 3261 ge·

1341 3278 1398 3345 sta,
1422 3280 1453 3333 et
1475 3281 1580 3334 contra
1602 3289 1662 3348 eas,
1679 3290 1712 3335 ac
1727 3282 1833 3336 contra
1855 3277 2088 3355 dispositionem

1341 3368 1522 3429 earumdem
1546 3375 1724 3430 nostrarum
1746 3367 1904 3432 literarum
1921 3374 2089 3450 quomodo-

1342 3459 1416 3520 libet
1439 3459 1512 3522 iacta
1542 3461 1826 3536 circumscribendi,
1857 3465 2034 3542 abrogandi,
2058 3477 2089 3529 et

1341 3553 1482 3614 abolendi
1505 3553 1681 3615 iaculantem
1704 3556 1818 3632 pariter
1837 3558 1943 3619 eadem
1958 3561 2089 3622 auctori-

1342 3652 1403 3707 tate
1427 3654 1533 3708 tencre
1557 3648 1767 3724 praesentium
1785 3649 1950 3711 tribuimus
1966 3659 1996 3712 et
2012 3653 2090 3714 elar-

1342 3739 1457 3814 gimur.
1481 3738 1550 3799 Non
1573 3740 1765 3802 obstantibus
1789 3742 1822 3802 iis
1838 3743 1993 3818 omuibus,
2010 3762 2089 3823 quae

1343 3832 1373 3892 in
1396 3832 1648 3909 praecedentibus
1671 3833 1785 3894 nostris
1800 3835 1888 3896 dictis
1911 3836 2009 3898 literis
2025 3855 2087 3900 aon

1341 3925 1462 3987 obstare
1484 3925 1654 3988 voluimus.
1886 3939 1892 3948 '

1381 4018 1490 4078 batum
1503 4017 1629 4091 Romae,
1646 4021 1724 4096 apud
1742 4020 1773 4082 S.
1789 4021 1914 4082 biariam
1931 4023 2088 4098 biaiorera,

1340 4113 1398 4174 sub
1419 4111 1535 4174 annulo
1557 4113 1728 4188 Piscatoris,
1756 4115 1806 4176 die
1827 4131 1886 4176 xa.
1904 4119 2089 4196 septembris

1342 4222 1527 4282 abactam,
1551 4203 1660 4286 pontii.
1687 4207 1783 4268 nostri
1806 4225 1888 4270 uarro
1910 4226 1954 4272 rx.

1596 4368 1835 4378 ——--—,

1665 4489 1768 4552 biiii.

1343 4675 1390 4737 ,id
1413 4675 1552 4756 triginta
1574 4693 1676 4738 666666
1692 4685 1844 4759 pacroqot
1860 4681 2023 4742 dccrclaat
2038 4699 2089 4744 sa·

1381 4786 1454 4830 crae
1466 4769 1730 4850 Coatpreqotioais
1744 4772 1988 4836 consistorialis
2000 4776 2089 4837 circu

1381 4863 1703 4927 admittistaotioacm
1725 4865 1962 4928 cotitedroiium
1985 4868 2021 4930 ia
2041 4869 2089 4929 ia·

1380 4956 1460 5019 salis
1482 4956 1692 5036 Pitiiippiais,
1715 4976 1823 5037 nempe
1845 4960 1986 5022 Nominis
2008 4963 2087 5038 iesu,

1380 5050 1485 5112 Novae
1507 5051 1656 5128 chabiae
1678 5059 1708 5114 66
1729 5053 1765 5115 dc
1781 5055 1920 5126 caccres,
1938 5073 2016 5133 qaae
2037 5075 2089 5120 66-

1379 5143 1496 5220 pitalis
1516 5153 1637 5216 carcat,
1658 5152 1794 5224 ternpore
1809 5149 1990 5210 aoceiioaia
2004 5150 2087 5212 seclia

1379 5238 1578 5315 episcopalis.

1529 5409 1715 5476 elidetis
1739 5411 1798 5479 ΡΡ.
1824 5412 1894 5480 ltili.

1478 5533 1514 5600 ed
1536 5534 1665 5600 loturam
1694 5536 1737 5602 rei
1764 5536 1943 5604 memoriam.

1379 5710 1447 5786 gl.
1476 5709 1582 5789 Nuper
1610 5713 1768 5774 enaaaavit
1793 5731 1808 5774 a
1838 5715 2087 5792 congregatione
2146 5718 2265 5765 aerarius
2286 5723 2318 5765 te·

1339 5804 1591 5866 scantianam
1616 5815 1794 5867 aestrorum
1821 5808 1851 5870 S.
1866 5806 1901 5868 ii.
1922 5809 1957 5869 E.
1983 5810 2085 5872 cardi·
2105 5773 2317 5926 666666ῐῖἶέβῖῗῖ

1340 5899 1458 5961 nulium
1489 5899 1582 5960 rebus
1611 5879 2261 5982 consistorialilausp1·aeposito-C⁰¹¹⁵¹⁵¹⁰rja

2274 5893 2302 5927 iS.
2371 5889 2372 5934 l
