4734 7004
878 657 881 664 Ι
954 591 1095 642 caeneus
1117 593 1187 642 xnv.

296 724 358 788 que
382 710 453 773 totis
468 713 630 775 tenoribus
651 713 801 793 specialis,
823 714 1042 792 00001100,οκ-

298 818 401 882 pressa
413 811 443 868 et
455 807 626 881 individua,
640 823 673 869 ac
684 809 721 869 de
736 809 832 870 verbo
847 807 882 868 ad
898 807 1042 881 verbum,

297 913 361 960 nou
383 910 489 964 autem
517 917 571 980 per
596 901 747 964 clausulas
775 899 936 978 generales
963 901 1044 962 idem

298 992 514 1071 importantes,
540 994 659 1057 mentio
682 1011 734 1056 seu
758 995 885 1072 quaevis
914 995 1044 1057 111001-

297 1087 414 1164 pressio
436 1089 592 1163 habenda,
615 1096 668 1151 aut
689 1090 790 1168 aliqua
811 1089 869 1151 alia
894 1088 1050 1168 exquisita

297 1179 397 1242 forma
418 1183 453 1244 ad
476 1182 533 1244 hoc
554 1184 703 1246 servanda
725 1182 815 1256 loret,
838 1182 964 1244 illorum
981 1197 1044 1244 om·

299 1275 387 1335 nium
409 1281 440 1337 et
461 1276 658 1354 singulorum
685 1285 807 1339 tenores
830 1275 1045 1354 praesentibus

299 1382 354 1445 pro
386 1368 480 1446 plene
500 1376 532 1430 et
559 1369 753 1432 sullicienter
781 1371 933 1447 expressis
954 1385 986 1431 ac
1008 1368 1046 1430 de

299 1461 396 1524 verbo
422 1462 612 1526 adverbum
644 1464 770 1525 insertis
791 1463 956 1537 habentes,
985 1460 1045 1522 illis

298 1554 371 1617 alias
392 1556 426 1618 in
447 1572 504 1618 suo
525 1558 636 1620 robore
657 1559 880 1636 permansuris
903 1557 938 1618 ad
960 1571 1045 1633 prae-

299 1649 467 1712 missorum
479 1649 623 1712 ellectum
645 1653 701 1713 hac
716 1653 785 1712 vice
804 1649 964 1712 dumtaxat
979 1665 1045 1728 spe-

299 1741 420 1805 cialiter
435 1749 465 1804 01
480 1756 623 1823 expresse
644 1746 840 1822 derogamus,
857 1745 1046 1822 caeterisque

299 1837 464 1898 contrariis
485 1838 745 1917 quibuscumque.

125 1944 281 2041 mffimm‘*
339 1931 359 2006 ἓ
376 1931 423 1994 10.
438 1929 591 1994 Volumus
605 1943 709 1995 autem
721 1941 757 1996 ut
770 1932 950 1995 earumdem
961 1949 1048 2013 prae-

103 2009 149 2045 rau
187 2005 214 2040 ἃ
297 2023 438 2086 sentium
459 2024 633 2104 litterarum
653 2026 854 2105 transumptis
870 2043 926 2089 seu
942 2043 1046 2088 exem-

299 2117 370 2196 plis,
385 2119 480 2180 etiam
498 2119 666 2198 impressis,
683 2135 776 2181 manu
788 2121 917 2182 alicuius
933 2119 1046 2182 notarii

298 2212 416 2289 publici
441 2212 633 2291 subscriptis,
657 2221 688 2276 et
712 2214 813 2290 sigillo
842 2229 990 2292 personae
1013 2214 1046 2274 in

299 2305 502 2368 ecclesiastica
524 2307 675 2383 dignitate
696 2310 882 2370 constitutae
903 2307 1044 2381 munitis,

299 2399 408 2462 eadem
430 2416 554 2478 prorsus
576 2401 651 2463 fides
672 2407 735 2462 tam
758 2401 790 2463 in
812 2401 937 2476 iudicio,
954 2414 1046 2479 quam

299 2502 387 2555 extra
403 2493 491 2569 illud,
508 2493 701 2568 adhibeatur,
723 2509 801 2572 quae
823 2493 940 2555 eisdem
961 2507 1046 2571 prae-

297 2586 440 2648 sentibus
451 2587 661 2661 adhiberetur,
673 2587 700 2648 si
711 2585 815 2650 torcat
826 2586 981 2648 exhibitae
995 2585 1047 2647 vel

299 2689 452 2744 ostensae.

340 2775 453 2836 Datum
464 2773 590 2848 Romae,
603 2775 682 2852 apud
704 2773 736 2836 S.
756 2775 882 2837 Mariam
897 2773 1044 2836 Maiorem

298 2868 488 2932 subannula
509 2868 680 2943 Piscatoris‚
706 2869 755 2931 die
784 2883 838 2928 xx.
862 2867 1046 2946 septembris

300 2978 468 3038 naccum,
491 2961 690 3040 pontificatus
711 2961 810 3023 nostri
831 2977 914 3023 anno
936 2976 971 3022 11.

633 3343 715 3409 XlV.

300 3529 478 3596 Ecclesiam
501 3549 558 3596 sea
586 3529 842 3610 cappellamque
864 3527 1046 3611 beneficiam

343 3629 375 3692 S.
398 3629 524 3692 Patria
543 3629 699 3699 Galoncllo
716 3629 942 3693 salernitanae
964 3627 1046 3690 dioe-

343 3723 423 3800 cesis
437 3725 569 3786 anitum
584 3723 780 3788 Maansteria
797 3722 827 3784 S.
841 3723 966 3787 Mariae
980 3720 1048 3786 Ma·

343 3819 406 3878 tris
427 3817 569 3888 Domini,
592 3817 686 3880 caiae
709 3817 889 3878 commenda
910 3813 949 3878 ab
972 3814 1046 3892 Epi-

341 3927 432 3990 scopo
457 3912 591 3989 durensi
613 3912 788 3983 retinetur,
812 3927 884 3972 cum
905 3909 1047 3988 primum

341 4005 523 4069 «commenda
545 4005 720 4076 caecaverit,
734 4020 773 4066 ea
788 4019 876 4066 auae
895 4019 953 4082 pro
969 4009 1048 4066 tuac

341 4099 463 4160 udicio
485 4097 680 4164 Mouaetrrio
701 4101 841 4174 separat,
859 4103 889 4158 et
905 4096 1048 4157 coracedit

345 4191 483 4272 callepio
508 4190 635 4254 stoeuai
656 4207 768 4253 sacrae
797 4189 955 4254 Familiae
978 4192 1047 4252 lesa

344 4284 470 4348 Christi
490 4300 587 4363 prope
607 4282 785 4361 Neapolim,
802 4283 843 4346 ad
861 4282 918 4344 boc
933 4289 972 4344 ut
987 4282 1047 4344 alii

342 4385 484 4456 quotuor
498 4375 625 4440 alumni
638 4377 673 4438 ia
687 4392 720 4436 ea
736 4376 971 4446 instituantur,
986 4375 1047 4436 dua

343 4471 491 4534 Sinenses
517 4477 547 4533 el
571 4469 660 4542 tadi,
689 4469 751 4530 duo
782 4467 844 4531 alii
870 4485 886 4528 e
910 4467 1047 4547 regioni·

342 4563 401 4628 bats
421 4565 555 4627 vacandi
582 4563 762 4625 Tarcaram
785 4562 924 4624 dominio
945 4560 1048 4625 subie-

342 4660 405 4722 ctis
426 4657 482 4738 (1).

463 4830 647 4900 01ΕΜΕΝ8
670 4828 888 4898 episcopus

492 5025 599 5077 serras
622 5024 776 5076 servorun
798 5007 862 5088 liei,

423 5131 459 5198 ad
482 5135 654 5214 perpetuen
678 5130 721 5196 rei
749 5131 928 5198 memorien.

79 5321 282 5425 ,ffilffssffissssj
343 5323 462 5398 Quanta
483 5323 635 5385 Ecclesiae
656 5322 709 5384 Dei
736 5322 895 5384 commoda
917 5329 948 5384 et
970 5322 1049 5384 bona

80 5391 283 5478 0111130000-
302 5417 491 5496 proveuiant
505 5433 542 5478 ex
558 5415 833 5478 ecclesiasticorum
846 5415 1047 5492 collegiorum

79 5485 283 5596 ffiffiffpffl
302 5509 515 5584 institutione,
537 5525 710 5587 eorumque
730 5510 905 5588 praecipue,
928 5509 960 5571 in
982 5509 1050 5586 qui-

79 5593 282 5694 gtgllffigglj
302 5605 360 5666 bos
382 5619 399 5666 e
420 5603 547 5664 remotis
568 5603 748 5680 regionibus
769 5601 904 5664 insalsae
925 5601 1048 5678 religio-

77 5698 118 5745 11*-
301 5699 353 5761 nis
373 5697 510 5760 tenebris
525 5714 558 5759 ac
572 5695 801 5775 superstitionis
822 5695 977 5757 erroribus
991 5695 1049 5755 mi-

299 5807 372 5855 sere
384 5790 554 5854 lacentibus
568 5789 664 5869 aliqui
678 5788 885 5851 adolescentes
900 5789 1047 5866 (quorum

1784 561 1822 630 113
1873 563 1928 620 hu.
1942 566 1972 620 0.
1994 559 2063 618 1160

1100 712 1219 775 indoles
1241 721 1271 774 et
1293 712 1436 774 voluntas
1456 727 1543 790 spem
1573 709 1693 783 alferat,
1717 723 1767 770 eos
1787 703 1844 768 Ec-

1100 806 1210 869 clesiae
1231 806 1413 868 ministeriis
1435 813 1465 867 et
1487 821 1578 868 verae
1605 803 1675 866 lidei
1697 815 1844 880 propaga·

1101 894 1845 976 tioniassidueinservituros,anteqaamalicuius

1101 994 1169 1058 vitii
1191 992 1310 1056 macula
1338 992 1501 1072 notentur)
1522 992 1652 1070 pietate,
1678 988 1842 1064 religione,

1100 1090 1238 1152 scientiis
1268 1088 1423 1166 sacrisque
1450 1085 1654 1149 caeremoniis
1676 1081 1845 1144 inlarman·

1103 1193 1154 1246 tur
1184 1184 1311 1264 provide
1343 1181 1590 1256 considerantes;
1622 1194 1677 1257 pro
1706 1175 1845 1254 supremi

1102 1278 1239 1340 muneris
1261 1277 1357 1338 nostri
1380 1275 1482 1337 debito
1511 1281 1663 1352 quantum
1685 1270 1773 1332 nobis
1794 1270 1845 1330 da·

1101 1379 1169 1434 tum
1191 1377 1247 1446 est,
1270 1369 1399 1446 collegia
1422 1370 1489 1448 ipsa
1511 1376 1542 1430 et
1564 1367 1763 1427 alumnorum
1785 1379 1845 1424 nu·

1101 1481 1225 1528 merum
1239 1463 1425 1542 amplificare
1441 1476 1502 1522 non
1519 1461 1736 1532 detrectamus,
1753 1463 1844 1535 prout

1102 1559 1248 1637 expedire
1268 1558 1301 1619 in
1324 1557 1455 1618 Domino
1476 1555 1694 1633 conspicimus.

1141 1655 1160 1728 ἓ
1183 1654 1209 1715 1.
1234 1653 1315 1715 Alias
1329 1653 1479 1732 siquidem
1496 1650 1548 1713 lel.
1566 1651 1683 1714 record.
1701 1648 1844 1712 Clemens
1902 1655 2076 1720 ,1111001111

1101 1749 1179 1826 Papa
1200 1749 1265 1812 1111.
1284 1749 1496 1826 praedecessor
1511 1754 1616 1808 noster
1631 1745 1844 1808 laudationem
1863 1709 2077 1828 lh¹l¹s⁸jatllr¹ililf

1102 1842 1232 1920 Collegii
1260 1842 1318 1904 sub
1347 1841 1437 1903 titulo
1469 1841 1577 1904 Sacrae
1607 1840 1754 1902 Familiae
1777 1838 1843 1901 lesu
1863 1822 2076 1922 mamam-

1103 1936 1217 2000 Christi
1240 1944 1323 1997 extra
1346 1935 1503 1996 civitatem
1527 1932 1759 2010 Neapolitanam
1780 1933 1843 2008 siti,

1102 2045 1254 2109 curaeque
1277 2036 1307 2092 et
1322 2029 1484 2092 directioni
1506 2027 1763 2106 Congregationis
1777 2043 1846 2106 pre-

1102 2127 1299 2202 sbyterorum
1320 2123 1522 2186 saecularium
1540 2122 1695 2185 commissi
1718 2122 1752 2184 ad
1775 2121 1843 2194 hoc,

1103 2228 1138 2283 ut
1160 2219 1192 2281 in
1214 2235 1249 2281 eo
1271 2219 1390 2281 alumni
1413 2218 1559 2282 Sinenses
1580 2225 1611 2278 et
1631 2216 1708 2291 indi,
1732 2216 1785 2294 qui
1807 2231 1845 2277 ex

1103 2313 1139 2374 iis
1153 2312 1334 2389 regionibus
1348 2311 1383 2372 ad
1399 2311 1566 2374 catholicae
1580 2311 1650 2372 fidei
1665 2308 1844 2372 addiscenda

1103 2417 1275 2484 praecepta,
1297 2406 1331 2467 ad
1354 2403 1574 2467 sacerdotalem
1595 2400 1846 2480 amplectendum

1078 2515 1081 2520 ·
1102 2507 1229 2573 statum,
1246 2515 1279 2559 ac
1294 2514 1358 2560 sese
1382 2497 1412 2558 in
1428 2497 1559 2575 patriam
1581 2511 1720 2558 reversos
1741 2496 1845 2556 adan·

1103 2593 1312 2654 nuntiandum
1336 2591 1448 2654 Christi
1471 2588 1678 2665 Evangelium
1696 2589 1846 2667 parandos

1102 2687 1310 2762 advenissent,
1326 2688 1547 2760 educarentur,
1561 2683 1762 2762 eiusdemque
1777 2683 1846 2745 Col-

1104 2782 1176 2860 legii
1208 2781 1445 2844 constitutiones
1473 2787 1504 2842 et
1532 2777 1652 2854 regulas
1682 2776 1845 2856 apostolica

1103 2879 1168 2940 eius
1189 2877 1371 2940 auctoritate
1392 2875 1588 2939 confirmavit
1602 2881 1632 2936 et
1653 2874 1843 2952 approbavit.

1104 2971 1281 3035 successive
1301 2973 1376 3032 verb
1397 2969 1534 3032 eiusdem
1556 2968 1777 3030 recordationis
1791 2968 1846 3030 Be·
1904 2978 1997 3042 aenea
2015 2980 2075 3026 xvv.

1104 3066 1244 3129 nedictus
1266 3065 1320 3128 PP.
1338 3061 1434 3138 xlv,
1450 3063 1544 3126 etiam
1564 3059 1778 3140 praedecessor
1792 3077 1846 3123 no-
1864 3030 2077 3150 ξξζῑέἓῗῖξξῗξξὲἶ

1103 3169 1179 3237 ster,
1211 3161 1376 3223 intendens
1401 3159 1489 3237 pium
1517 3156 1590 3218 dicti
1618 3154 1747 3232 Collegii
1769 3171 1846 3234 opus
1864 3139 1962 3186 “mm
1977 3142 2056 3186 ³⁰⁸²·

1104 3255 1284 3320 Sinensium
1300 3263 1331 3316 et
1345 3253 1494 3315 ludorum
1508 3249 1686 3314 nationibus
1696 3247 1770 3310 adeo
1785 3249 1847 3310 uti-

1103 3352 1132 3414 le
1154 3359 1185 3413 01
1206 3348 1339 3411 salutare
1360 3347 1433 3410 totis
1454 3345 1571 3408 viribus
1593 3361 1788 3423 promovere,
1811 3345 1847 3408 il·

1102 3446 1219 3524 ludque
1232 3441 1451 3522 temporalibus
1466 3441 1548 3508 viere
1562 3439 1704 3502 subsidiis
1718 3439 1847 3518 provide

1102 3539 1315 3613 communire,
1347 3542 1436 3598 motu
1461 3533 1553 3597 etiam
1585 3535 1726 3613 proprio,
1756 3542 1788 3596 et
1809 3550 1847 3596 ex

1103 3633 1186 3696 certi
1214 3633 1342 3694 scientia
1363 3648 1396 3694 aa
1421 3629 1458 3691 de
1480 3629 1662 3708 apostolicae
1689 3628 1847 3706 potestatis

1104 3726 1311 3806 plenitudine,
1324 3725 1580 3788 monasterium·
1590 3723 1750 3784 abhatiam
1766 3739 1846 3785 nun-

1104 3827 1249 3898 cupatum
1271 3818 1303 3882 S.
1327 3817 1418 3879 Pei-ri
1439 3817 1475 3879 de
1499 3814 1638 3879 naamon
1663 3833 1718 3880 seu
1742 3815 1845 3888 Elicii,

1103 3913 1225 3979 Ordinis
1240 3915 1271 3978 S.
1285 3911 1440 3974 Benedicti
1457 3911 1668 3974 salernitanae
1689 3910 1846 3984 dioecesis,

1104 4012 1184 4090 quod
1208 4017 1282 4072 tunc
1304 4008 1335 4070 in
1357 4005 1502 4068 humanis
1530 4021 1624 4082 agens
1647 4006 1760 4068 Marius
1782 4005 1847 4068 illil-

1103 4108 1170 4181 lini,
1193 4104 1285 4168 etiam
1308 4111 1383 4165 tunc
1405 4117 1486 4163 unus
1506 4117 1545 4162 ex
1561 4116 1721 4162 causarum
1744 4101 1847 4180 palatii

1103 4199 1260 4280 apostolici
1292 4196 1482 4260 auditoribus
1509 4204 1540 4258 et
1567 4203 1670 4274 postea
1692 4193 1723 4256 S.
1748 4195 1783 4258 li.
1809 4195 1843 4256 E.

1104 4293 1289 4365 cardinalis,
1313 4291 1345 4352 in
1376 4290 1590 4352 commendam
1617 4287 1721 4350 adsui
1749 4290 1847 4351 vitam

1104 4401 1141 4451 ex
1163 4385 1360 4450 concessione
1382 4391 1413 4444 et
1427 4382 1655 4460 dispensatione
1675 4381 1846 4461 apostolicis

1105 4489 1179 4544 tuoe
1193 4479 1309 4558 pariter
1320 4474 1488 4549 obtinebat,
1504 4489 1542 4536 ex
1558 4481 1633 4536 tuna
1648 4481 1679 4536 et
1699 4489 1771 4536 eum
1787 4474 1848 4551 pri-

1103 4590 1190 4639 mum
1213 4570 1436 4635 monasterium
1459 4569 1649 4646 praedictum
1664 4585 1701 4630 ex
1718 4569 1847 4647 persona

1104 4670 1176 4733 dicti
1197 4667 1282 4732 hierii
1311 4663 1421 4744 quovis
1449 4660 1539 4724 moda
1561 4661 1645 4724 illius
1666 4663 1847 4726 commenda
1946 4669 1950 4679 “

1103 4770 1240 4826 cessamte
1263 4761 1447 4832 vacavisset,
1470 4771 1541 4819 cum
1564 4757 1694 4819 annexis
1721 4757 1847 4835 quibus·

1105 4871 1238 4934 cumque
1265 4869 1299 4916 ac
1320 4851 1465 4914 omnibus
1486 4850 1569 4912 illius
1591 4850 1679 4912 bonis
1701 4857 1731 4912 et
1753 4852 1847 4929 perti-

1104 4949 1230 5023 nentiis,
1253 4962 1311 5009 nec
1332 4961 1396 5008 non
1417 4943 1576 5022 quibusvis
1597 4941 1747 5006 fructibus
1769 4944 1847 5006 redi-

1105 5042 1188 5104 tibus
1202 5057 1235 5102 00
1252 5038 1455 5118 proventibus
1476 5037 1568 5099 certis
1589 5043 1620 5098 et
1642 5036 1768 5098 incertis
1790 5038 1849 5100 sub

1104 5135 1197 5197 certis
1218 5132 1308 5196 modo
1324 5139 1354 5194 et
1368 5130 1465 5194 lornei
1485 5137 1560 5193 tunc
1581 5131 1732 5209 expressis
1747 5132 1847 5194 eidem
1883 5135 1887 5144 '

1105 5228 1240 5304 collegia
1262 5242 1317 5306 pro
1335 5225 1418 5287 illius
1432 5233 1520 5287 antea
1534 5225 1665 5300 exiguae
1681 5223 1759 5287 datis
1774 5239 1848 5302 aug·

1106 5328 1227 5396 mento,
1258 5319 1356 5382 donec
1377 5325 1482 5379 tamen
1508 5317 1591 5380 idem
1618 5317 1792 5394 Collegium
1815 5319 1847 5380 in

1104 5414 1182 5476 dictd
1213 5413 1338 5476 civitate
1369 5409 1568 5488 Neapolitana
1600 5411 1748 5485 extiterit,
1778 5427 1848 5490 apo-

1103 5507 1207 5569 stolici
1228 5507 1295 5568 eius
1323 5505 1503 5566 auctoritate
1524 5504 1644 5579 univit,
1668 5503 1795 5566 annexit
1816 5511 1848 5566 et

1104 5599 1328 5679 incorporavit,
1351 5604 1442 5676 prout
1463 5597 1494 5660 in
1515 5597 1662 5676 praedicti
1690 5597 1848 5659 Benedicti

1105 5694 1342 5773 praedecessoris
1363 5691 1459 5754 literis
1471 5693 1603 5770 desuper
1623 5691 1773 5770 expeditis
1784 5690 1848 5770 ple·

1104 5788 1175 5850 nius
1196 5786 1387 5848 continetur.

343 6005 373 6063 (1)
389 6005 478 6052 cahat.
493 6015 554 6051 cum
567 6005 681 6062 chesto
694 6004 832 6050 Buharum
846 6003 878 6050 de
891 6002 971 6050 curie
983 6013 1081 6050 esserv.
1096 6002 1124 6048 in
1138 6002 1214 6047 arch.
1230 6001 1310 6050 vatio.
