4776 6974
940 583 1009 636 etus
1032 583 1081 634 br.
1105 577 1148 632 t’l.

275 718 444 783 Cardinales
466 712 558 779 etiam
584 717 622 777 de
642 713 737 776 latere
757 711 898 788 Legatos,
921 707 1016 770 llice-

275 817 398 891 Legatos
419 813 579 890 dictaeque
604 810 690 872 Sedis
720 805 873 878 Nuncios,
902 801 1016 862 aliosve

274 923 482 988 quoscumque
508 904 616 984 quavis
640 901 795 973 insultate,
822 895 1015 966 auctoritate,

274 1007 431 1080 potestate,
443 997 655 1075 praerogativa
667 1001 698 1055 et
708 991 871 1072 privilegio
884 988 1016 1064 lungen-

275 1105 327 1170 tes,
343 1112 377 1156 ac
391 1096 508 1156 bonore
530 1102 561 1152 et
584 1086 825 1168 praeeminentia
847 1082 1015 1158 fulgentes,

273 1188 386 1250 sublata
409 1187 452 1248 eis
474 1192 505 1247 et
526 1199 635 1245 eorum
656 1181 783 1242 cuilibet
805 1176 913 1254 quavis
928 1172 1017 1234 aliter

274 1282 425 1345 iudicandi
440 1287 471 1341 et
486 1275 709 1354 interpretandi
722 1272 875 1345 laenitate,
890 1265 1015 1330 iudicari

274 1387 302 1439 et
316 1375 439 1438 deliniri
452 1374 576 1446 debere,
589 1387 622 1433 ac
634 1369 758 1429 irritum
770 1375 800 1427 et
816 1366 920 1436 inane,
932 1361 956 1422 si
971 1376 1016 1422 se-

274 1487 324 1532 cus
344 1484 438 1546 super
452 1468 498 1528 bis
513 1483 529 1525 a
544 1477 700 1542 quoquam
714 1460 823 1538 quavis
837 1455 1018 1519 auctoritate

273 1565 406 1626 scienter
420 1561 469 1622 vel
489 1553 848 1636 ignoranter'contigerit
862 1548 1015 1612 attentari.

100 1666 258 1724 depraecan-
310 1657 379 1732 §a
405 1655 473 1717 Non
502 1651 694 1714 obstantibus
715 1649 828 1709 nostris
850 1652 881 1706 et
902 1641 1018 1705 cancel-

91 1727 202 1775 traciarum.

275 1754 363 1816 lariae
386 1749 567 1828 apostolicae
589 1744 705 1821 regulis
728 1742 765 1802 de
787 1742 854 1802 iure
880 1737 1018 1816 quaesito

274 1865 336 1912 non
359 1846 507 1916 tollendo,
530 1859 563 1902 ae
585 1842 622 1902 de
643 1835 848 1917 exprimendo
869 1847 944 1893 vero
966 1847 1019 1890 aa·

274 1962 336 2006 uuo
364 1940 600 2008 beneficiorum,
622 1933 815 2008 aliorumque
846 1927 1018 1998 fructuum,

272 2039 463 2110 reddituum,
476 2042 507 2096 et
523 2040 729 2110 proventuum
745 2022 1018 2086 ecclesiasticorum

273 2134 378 2194 valore
393 2132 425 2191 in
440 2125 706 2206 suppressionibus
722 2130 752 2184 et
767 2117 1021 2198 applicationibus

273 2224 442 2304 perpetuis,
466 2221 576 2298 bisque
596 2215 826 2279 committendis
850 2211 885 2274 ad
908 2217 1020 2289 partes,

273 2319 389 2381 vocatis
411 2329 544 2393 quoruxu
570 2314 715 2386 iuterest3
734 2325 791 2370 nec
813 2322 875 2367 non
899 2305 1021 2366 Latera-

274 2413 382 2474 nensis
394 2409 523 2473 Concilii
538 2405 707 2469 xxoxissime
719 2401 876 2473 celebrati,
890 2399 1022 2460 uniones

274 2517 305 2569 et
326 2505 547 2584 applicationes
573 2506 747 2578 perpetuas,
770 2495 829 2556 nisi
852 2494 883 2554 iu
905 2491 1022 2553 casibus

274 2619 290 2664 a
311 2601 381 2662 iure
402 2596 572 2678 permissis,
590 2593 655 2656 beri
678 2589 884 2669 prohibentis3
905 2594 935 2648 et
950 2601 1023 2662 qua·

277 2705 368 2757 tenus
397 2709 473 2770 opus
498 2691 537 2750 sit
564 2687 661 2749 lelicis
690 2681 910 2745 recordationis
938 2677 1023 2739 Pauli

276 2790 330 2850 ΡΡ.
355 2788 392 2849 ll.
416 2780 657 2864 praedecessoris
680 2779 777 2840 nostri
799 2773 947 2836 derebus
970 2771 1024 2831 Ec-

276 2883 384 2944 clesiae
409 2894 473 2941 non
502 2874 683 2946 alienandis,
712 2870 841 2946 aliisque
868 2866 961 2926 etiam
991 2865 1023 2924 iu

276 2973 490 3053 synodalibus,
524 2963 781 3047 provincialibus,
816 2959 1023 3037 generalibus,

277 3065 566 3140 universalibusque
579 3059 717 3122 conciliis
732 3056 822 3117 editis
836 3053 886 3114 vel
899 3051 1026 3112 edendis

278 3162 458 3242 specialibus
473 3158 522 3218 vel
539 3153 735 3232 generalibus
751 3146 1026 3212 constitutionibus

280 3269 308 3320 et
335 3250 583 3319 ordinationibus
604 3245 789 3325 apostolicis,
813 3257 870 3302 aec
892 3255 953 3300 non
976 3255 1026 3300 su-

281 3350 404 3432 pradicti
425 3351 599 3410 conventus
619 3341 779 3416 dictaeque
794 3335 918 3396 maioris
932 3333 1027 3394 eccle-

281 3447 337 3507 siae
352 3443 446 3506 etiam
463 3441 648 3508 iuramento,
661 3429 895 3493 confirmatione
909 3432 1027 3504 aposto-

283 3541 344 3612 lica,
367 3537 417 3598 vel
441 3532 548 3612 quavis
571 3528 717 3590 briaitate
732 3525 789 3584 alia
805 3521 954 3584 roboratis
968 3527 1027 3580 sta-

286 3635 355 3696 tutis
376 3638 408 3691 et
433 3621 726 3696 consuetudinibas3
757 3616 929 3696 privilegiis
954 3631 1027 3692 quo-

287 3743 350 3806 que,
372 3721 514 3793 indultis,
537 3726 567 3780 et
593 3716 691 3778 literis
716 3711 887 3790 apostolicis
908 3709 1027 3787 praedi-

287 3831 344 3882 ctae
358 3816 467 3879 maiori
481 3811 637 3883 ecclesiae,
653 3809 797 3883 illiusque
822 3803 965 3882 praesuli,
982 3821 1030 3864 ca-

287 3914 377 3991 pitulo
389 3921 420 3972 et
431 3904 750 3980 canonicis,xlictoque
761 3897 1028 3974 ordini,illiusque

289 4004 501 4085 superioribus,
523 3997 676 4074 religiosis
697 4001 726 4056 et
749 3992 888 4071 personis
903 3990 1029 4067 quibus-

290 4102 357 4162 libet
376 4101 435 4160 sub
457 4095 706 4175 quibuscumque
726 4086 889 4148 tenoribus
912 4092 943 4146 et
967 4083 1028 4144 lox·-

292 4196 341 4256 mis
361 4211 395 4255 ac
416 4207 489 4254 eum
516 4185 676 4266 quibusvis
701 4182 795 4243 etiam
823 4176 1030 4254 derogatoriu-

292 4303 354 4350 rum
369 4281 584 4359 derogatoriis,
596 4278 725 4354 aliisque
741 4272 972 4344 ellicucioribus,
984 4269 1027 4329 el-

292 4378 468 4442 icacissimis
489 4391 523 4436 ac
543 4370 677 4434 insolitis
701 4366 856 4439 clausulis,
880 4365 1028 4426 irritanti·

293 4475 400 4552 busque
424 4479 455 4532 et
478 4468 544 4530 aliis
566 4464 696 4529 decretis
725 4464 757 4523 in
784 4475 899 4537 genere
923 4458 974 4519 vel
995 4458 1028 4519 iu

290 4568 391 4645 specie,
404 4583 438 4627 ac
452 4564 519 4624 aliis
536 4561 567 4622 in
582 4557 773 4621 eontrarium
790 4553 1029 4632 praemissorum

291 4659 513 4740 quomodolibet
534 4656 636 4717 lorsan
658 4653 819 4726 concessis,
842 4651 1030 4713 confirmatis

291 4765 317 4817 et
341 4752 505 4817 innovatis.
536 4749 651 4824 Quibus
679 4747 825 4809 omnibus
846 4754 877 4806 et
900 4743 1030 4820 singulis

291 4865 338 4925 pro
352 4849 480 4910 illorum
495 4842 660 4907 sullicienti
676 4841 875 4916 derogatione
890 4840 979 4900 aliter
994 4839 1031 4898 de

293 4943 343 5004 illis
358 4955 531 5018 eorumque
546 4938 619 4999 totis
631 4935 788 4998 tenoribus
801 4933 952 5012 specialis,
964 4948 1032 5010 spe-

292 5036 378 5110 cilica,
393 5048 537 5112 expressa
553 5039 582 5092 et
598 5027 768 5104 individua,
784 5045 816 5088 ac
832 5029 869 5088 de
884 5025 980 5086 verbo
995 5027 1030 5087 ad

292 5131 426 5204 verbum,
439 5142 502 5188 non
517 5133 623 5186 autem
639 5139 694 5201 per
707 5121 856 5184 clausulas
872 5118 1031 5195 generales

293 5223 364 5285 idem
386 5223 601 5298 impedentes,
619 5217 736 5278 mentio
757 5232 811 5276 seu
833 5215 960 5292 quaevis
975 5213 1031 5273 alia

290 5315 437 5394 expressio
452 5312 602 5385 habenda,
624 5318 677 5371 aut
699 5309 852 5386 quaelibet
868 5307 923 5368 alia
939 5308 1031 5367 etiam

292 5410 435 5488 exquisita
457 5407 556 5468 iorma
577 5407 611 5466 ad
635 5405 691 5466 boe
711 5405 861 5464 servanda
883 5401 973 5475 ieret,
991 5409 1033 5460 te-

292 5519 373 5564 nores
387 5499 565 5562 huiusmodi
587 5517 619 5561 ac
641 5499 666 5559 si
687 5498 724 5557 de
740 5491 833 5577 lertio
849 5497 883 5557 ad
901 5495 1031 5556 verbum

292 5597 360 5657 nibil
383 5594 507 5674 penitus
528 5591 651 5666 omisso,
673 5601 704 5652 et
725 5590 822 5651 lorma
844 5591 876 5650 in
899 5588 958 5649 illis
975 5598 1033 5650 tra-

292 5691 345 5752 dita
360 5691 531 5761 observata,
547 5687 639 5747 etiam
664 5685 770 5745 inserti
792 5683 896 5745 iurent
917 5683 1034 5744 eisdem

293 5779 501 5860 praesentibus
522 5795 577 5856 pro
599 5776 690 5856 plene
715 5782 746 5836 ct
771 5776 964 5836 sufficienter·
982 5792 1034 5836 ex-

1071 706 1181 783 pressis
1208 712 1239 768 et
1263 701 1388 768 insertis
1414 703 1578 784 babentes,
1606 709 1665 770 illis
1689 707 1761 771 alias
1786 709 1816 770 in

1071 814 1127 860 suo
1150 799 1259 860 robore
1286 803 1506 878 permansuris,
1531 801 1677 864 latissime
1704 813 1734 864 et
1757 802 1819 880 ple-

1072 891 1199 953 nissime
1210 894 1245 953 ad
1262 894 1500 969 praemissorum
1514 895 1736 957 validissimum
1748 896 1818 958 etie-

1071 991 1155 1045 ctum
1180 985 1234 1046 bac
1255 987 1322 1048 vice
1343 986 1503 1048 dumtaxat
1523 989 1697 1067 specialiter
1717 999 1747 1052 et
1769 1007 1821 1052 ex-

1074 1092 1187 1154 presse,
1201 1095 1257 1141 nec
1279 1096 1340 1140 non
1363 1088 1535 1158 opportune
1557 1090 1588 1143 et
1606 1081 1704 1143 valide
1720 1091 1818 1156 motu,

1072 1171 1198 1234 scientia
1228 1178 1259 1233 et
1290 1174 1445 1250 potestatis
1475 1174 1670 1252 plenitudine
1698 1177 1820 1254 paribus

1074 1265 1184 1326 harum
1208 1281 1333 1344 quoque
1358 1269 1437 1328 serie
1458 1271 1654 1345 derogamus,
1680 1271 1820 1333 eaeteris-

1074 1373 1134 1434 que
1156 1359 1317 1419 contrariis
1338 1360 1597 1438 quibuscumque.

1740 557 1797 633 323
1849 565 1947 626 lino
1969 560 2037 624 raet
2120 575 2124 581 ’

1113 1449 1131 1522 S
1154 1449 1179 1510 7.
1204 1451 1260 1511 Per
1282 1453 1403 1514 easdem
1426 1469 1500 1514 vero
1522 1461 1698 1530 praesentes
1727 1471 1820 1516 vene·
1854 1471 1989 1532 napaeas
1998 1481 2053 1515 ase·

1076 1543 1203 1604 rabilem
1225 1544 1354 1606 fratrem
1380 1557 1523 1609 nostrum
1551 1549 1738 1609 modernum
1765 1553 1848 1623 tir-1

1073 1637 1304 1715 obiepiscopum
1316 1639 1619 1702 Thessalonicensem
1636 1640 1666 1702 in
1683 1641 1821 1720 partibus

1075 1729 1248 1791 inlidelium
1272 1732 1451 1794 incivitate
1481 1733 1663 1796 Lisbonensi
1688 1751 1823 1797 commo·

1075 1832 1196 1885 rantem
1220 1825 1249 1886 in
1279 1835 1502 1903 exequutorem
1529 1831 1709 1891 earumdem
1738 1847 1823 1908 prae-

1074 1917 1211 1980 sentium
1233 1918 1394 1982 literarum
1409 1921 1647 1998 apostolicarum
1661 1925 1739 1986 dicta
1755 1941 1825 2004 apo-

1075 2011 1179 2074 stolica
1211 2014 1394 2076 auctoritate
1424 2014 1618 2092 deputamus.
1655 2019 1826 2097 Eidemque

1077 2106 1324 2185 archiepiscopo,
1345 2117 1379 2170 ut
1401 2109 1465 2186 ipse
1480 2126 1708 2190 quamcumque
1723 2129 1825 2192 perso·

1078 2215 1149 2260 nam
1171 2199 1203 2259 in
1225 2199 1375 2275 dignitate
1403 2203 1604 2265 ecclesiastica
1625 2207 1825 2268 constitutam

1078 2294 1109 2353 iu
1133 2293 1309 2356 huiusmodi
1331 2298 1542 2373 exequutione
1561 2299 1764 2375 subdelegare
1791 2299 1828 2360 li-

1079 2387 1151 2448 bere
1172 2393 1203 2448 et
1225 2387 1307 2450 licite
1330 2389 1439 2464 traleat,
1463 2393 1569 2452 eadem
1590 2393 1751 2469 apostolica
1774 2410 1826 2454 au·

1077 2481 1220 2542 ctoritate
1241 2481 1419 2545 facultatem
1439 2485 1637 2548 concedimus
1662 2495 1692 2547 et
1715 2486 1828 2563 imper-

1080 2575 1187 2635 timor.

1119 2670 1137 2742 ἓ
1158 2667 1187 2728 8.
1212 2669 1295 2732 Nulli
1317 2685 1391 2746 ergo
1407 2673 1537 2733 omnino
1554 2674 1717 2735 bominum
1740 2674 1828 2737 lic-eat

1082 2765 1157 2824 banc
1179 2765 1322 2842 paginam
1339 2772 1460 2826 nostrae
1475 2767 1710 2844 suppressioniS,
1727 2769 1828 2830 extin-

1080 2857 1202 2930 ctionis,
1215 2857 1437 2934 applicationis,
1448 2861 1717 2938 appropriationis,
1732 2869 1828 2924 trans-

1081 2951 1215 3026 lationis
1231 2954 1359 3030 decreti,
1375 2957 1593 3033 derogationis
1609 2958 1828 3036 deputationis,

1082 3057 1112 3110 et
1134 3049 1285 3112 facultatis
1306 3050 1512 3112 concessionis
1534 3052 1708 3130 intringere
1729 3055 1780 3115 vel
1801 3056 1828 3116 ei

1082 3160 1158 3204 ausu
1189 3145 1351 3204 temerario
1380 3145 1548 3222 contraire;
1575 3145 1599 3206 si
1629 3148 1697 3224 quis
1725 3157 1829 3210 autem

1084 3240 1140 3300 bac
1152 3247 1306 3300 attentare
1318 3241 1568 3316 praesumpserit,
1582 3240 1830 3317 indignationem

1083 3332 1311 3410 Ornnipotentis
1324 3333 1376 3393 liei
1388 3349 1422 3393 uc
1433 3331 1598 3395 Beatorum
1610 3335 1691 3398 Petri
1702 3346 1734 3399 et
1744 3337 1831 3400 Pauli

1084 3427 1301 3504 Apostolorum
1327 3426 1393 3487 eius
1414 3443 1447 3487 se
1469 3428 1591 3489 noverit
1618 3428 1829 3492 incursurum.

1125 3519 1232 3580 Datum
1264 3518 1394 3593 Romae,
1423 3523 1501 3596 apud
1530 3521 1560 3583 S.
1585 3520 1711 3583 blaciam
1740 3523 1831 3585 Maio-

1085 3630 1163 3688 rem,
1186 3629 1268 3675 anuo
1290 3614 1710 3678 iucarnationis.Doxninicae
1732 3611 1850 3679 mille-'

1083 3711 1161 3770 simo
1176 3709 1453 3786 septingentesimo
1468 3711 1677 3785 octuagesimo
1689 3713 1831 3790 septimo,

1085 3803 1181 3880 pridie
1204 3802 1271 3864 idos
1294 3803 1490 3876 novembris,
1513 3803 1709 3880 pontificatus
1732 3806 1832 3867 nostri

1084 3913 1165 3958 anuo
1188 3911 1258 3958 xxxx.

1339 4058 1577 4065 ---—--——-—-

1410 4181 1504 4244 Lxx.

1086 4373 1241 4434 ltuxrtutut
1270 4377 1369 4432 coest.
1393 4371 1427 4432 ln
1449 4386 1593 4448 supremo
1615 4369 1728 4432 Beaed.
1754 4371 1831 4433 xrtt

1125 4481 1182 4543 pro
1196 4463 1350 4543 sepimine
1364 4461 1538 4524 Custodiae
1556 4461 1670 4524 Terrae
1684 4471 1834 4536 soractae·

1124 4559 1247 4620 statuit
1270 4558 1449 4634 superiores
1472 4557 1617 4618 cxx-stodes
1634 4559 1668 4618 itt
1683 4558 1835 4618 sccertuio

1126 4652 1315 4730 perdurare,
1340 4650 1466 4726 dempta
1489 4649 1574 4710 omat'
1595 4665 1647 4727 spe
1671 4651 1836 4728 caleficata·

1127 4745 1249 4807 tionis:
1280 4743 1381 4822 desert
1403 4743 1586 4821 pacidiana
1615 4741 1723 4813 electo,
1747 4751 1836 4805 arate-

1127 4855 1221 4916 quam
1238 4837 1376 4914 recipiet
1392 4837 1443 4897 lit.
1462 4843 1615 4912 patentes,
1633 4837 1836 4898 iurisdictio·

1127 4947 1197 4992 aera
1213 4931 1248 4991 iu
1270 4932 1392 5010 scotres
1414 4936 1445 4990 et
1467 4930 1662 4992 caercititaux
1682 4931 1837 5009 praefecti

1128 5023 1296 5103 apostolici
1319 5031 1377 5085 etc.
1401 5021 1457 5102 (l).

1264 5191 1267 5198 “
1342 5193 1430 5260 Plus
1454 5193 1512 5262 ΡΡ.
1535 5194 1579 5261 tlt.

1208 5317 1244 5385 ad
1268 5322 1441 5401 perpetuam
1468 5317 1510 5383 rei
1537 5316 1717 5384 memoriam.

1128 5497 1147 5570 ἓ
1171 5497 1197 5556 l.
1215 5496 1301 5556 luter
1316 5495 1503 5571 multiplices
1522 5494 1780 5571 gravissimasque
1794 5509 1839 5552 sa-

1089 5587 1238 5649 crosancti
1260 5587 1445 5665 apostolatus
1467 5587 1558 5648 ollirii
1581 5585 1669 5647 trabis
1688 5585 1839 5646 diuinitus

1090 5681 1246 5744 commissi
1267 5696 1365 5753 carus,
1383 5680 1414 5740 in
1432 5679 1460 5739 id
1477 5679 1641 5757 praecipue
1656 5678 1839 5756 pastoralem

1091 5784 1228 5836 nostram
1262 5775 1402 5836 omnium
1432 5774 1630 5834 ecclesiarum
1662 5771 1841 5834 sollicitudi-

327 5998 354 6054 (1)
369 5996 434 6043 Vide
449 5993 518 6041 inira
531 6005 573 6040 au.
590 6003 729 6040 unccxcxv.
746 5993 842 6038 harum
856 5991 1060 6048 dispositionum
1075 5990 1275 6036 revocationem.

1840 1535 1853 1569 G

1851 1530 1936 1624 ἰιὲξοτιε
1954 1529 2053 1581 aposto·

1886 5515 2055 5562 Prooemium.
