4856 7010
401 553 456 610 Au.
469 555 501 610 O.
522 555 591 606 1828
640 552 700 618 696
2192 552 2244 608 An.
2255 557 2280 610 0.
2296 561 2349 618 1828

1143 570 1208 616 lull.
1232 569 1323 615 nont.
1347 567 1387 612 bu
1408 565 1438 612 P.
1461 567 1490 614 F·
1515 569 1596 616 PARS
1618 571 1639 617 1.
1739 573 1746 582 '
1821 609 1822 616 ,

402 703 603 768 signaturam·
660 687 693 753 Si
707 704 852 770 approva,
867 708 884 753 e
898 707 931 754 se
945 706 985 754 ne
998 689 1131 768 spedisca
1147 689 1168 752 il
1183 689 1279 752 breve
1292 701 1363 768 apo-
1458 691 1477 766 g
1498 687 1527 752 i.
1550 687 1619 754 Nou
1639 691 1830 756 obstantibus
1844 691 2027 772 praemissis,
2042 707 2076 754 ac
2089 706 2162 754 cou·
2189 701 2360 758 nemausens-

390 761 448 808 ω·
619 782 737 847 stolico.
1418 781 1632 847 stitutionibus
1653 791 1684 847 et
1705 783 1952 848 ordinationibus
1979 782 2161 864 apostolicis,
2181 756 2309 806 “mm

872 919 948 983 LEO
968 918 1023 982 pp·
1047 918 1113 982 KH·
1418 890 1476 937 nec
1496 891 1560 938 nou
1582 877 1680 940 dictae
1700 878 1846 941 dioecesis
1867 877 1961 940 etiam
1975 878 2163 953 iuramento,

1418 968 1656 1033 confirmatione
1676 971 1839 1049 apostolica
1860 971 1910 1034 vel
1937 970 2045 1050 quavis
2067 969 2165 1032 firmi·

657 1067 676 1144 5
698 1067 726 1130 2.
750 1065 791 1130 lit
807 1073 911 1130 autem
932 1068 1119 1146 praeinserta
1141 1071 1171 1130 et
1187 1067 1269 1128 inter
1284 1065 1364 1130 Gou-

405 1071 486 1115 aanor
500 1073 600 1170 agosin
1419 1068 1482 1123 tate
1501 1061 1559 1124 alia
1580 1063 1731 1127 roboratis
1751 1065 1872 1127 statutis
1888 1072 1918 1127 et
1932 1063 2165 1127 consuetudini-

619 1161 833 1239 gregationenr
849 1160 1034 1238 praedictam
1053 1167 1084 1222 et
1098 1158 1256 1222 llicarium
1270 1170 1363 1235 gene·

388 1121 452 1168 licae
469 1134 516 1170 con
537 1134 600 1172 rme·

389 1175 476 1224 tionis.

1418 1154 1486 1232 bus,
1509 1159 1696 1239 caeterisque
1718 1159 1879 1222 contrariis
1901 1158 2160 1238 quibuscumque.

618 1253 713 1316 raleru
731 1253 895 1316 memorati
909 1253 1031 1318 Ordinis
1045 1252 1236 1316 constabilita
1256 1257 1288 1313 et
1308 1265 1364 1330 per

618 1361 673 1410 nos
695 1347 857 1426 approbata
885 1347 1016 1410 feliciter
1037 1347 1237 1424 perficiantur
1257 1361 1292 1406 uc
1311 1344 1363 1406 lir-

617 1441 712 1502 miter
732 1441 763 1502 in
786 1447 944 1520 posterum
966 1447 1075 1503 extent
1095 1446 1297 1518 accurateque
1311 1437 1363 1500 ob·

616 1541 794 1610 serventur,
816 1534 986 1612 apostolicis
1008 1533 1055 1594 iris
1076 1531 1189 1596 nostris
1209 1529 1307 1594 literis
1328 1546 1363 1593 ea

617 1626 772 1705 roborare,
805 1626 923 1707 tibique
953 1626 1122 1706 patelacere
1154 1623 1360 1688 decrevimus.

617 1718 679 1782 Nos
700 1721 814 1800 itaque,
837 1729 867 1784 te
888 1737 922 1782 ac
941 1719 1115 1797 singulares
1136 1733 1281 1800 personas
1295 1716 1362 1795 qui·

616 1813 674 1877 bus
688 1820 864 1893 praesentes
879 1813 986 1878 literae
1000 1813 1116 1890 lavent,
1132 1811 1254 1893 speciali
1269 1811 1362 1874 bene·

616 1908 738 1971 licentia
767 1909 911 1989 prosequi
938 1908 1090 1983 volentes,
1112 1915 1144 1970 ct
1165 1923 1180 1967 a
1202 1905 1362 1986 quibusvis

615 2002 956 2076 excommunicationis,
980 2000 1190 2079 suspensionis
1215 2007 1247 2061 et
1266 1999 1362 2060 iuter·

615 2093 700 2169 dicti,
712 2093 838 2173 aliisque
849 2094 1059 2157 ecclesiasticis
1074 2093 1225 2168 censuris,
1236 2097 1362 2154 senteu-

616 2187 666 2250 tiis
687 2205 720 2250 ac
741 2189 848 2266 poeuis
859 2190 978 2272 quovis
999 2189 1142 2250 modoet
1166 2199 1361 2264 quacumque

616 2281 654 2344 de
667 2297 754 2344 causa
771 2279 851 2357 latis,
866 2283 892 2344 si
905 2299 979 2363 quas
994 2283 1074 2347 lorte
1088 2283 1288 2358 incurserint‚
1304 2281 1360 2344 hu-

616 2373 663 2437 ius
684 2383 806 2437 tanturn
828 2375 873 2438 rei
895 2377 990 2453 gratia
1011 2377 1205 2439 absolventes
1226 2387 1257 2442 et
1277 2376 1361 2439 abso·

615 2468 696 2531 lutos
717 2468 783 2532 lore
803 2477 976 2544 censentes,
999 2479 1086 2533 motu
1116 2471 1240 2548 proprio
1268 2478 1361 2548 atque

615 2577 653 2624 ex
675 2569 757 2626 certa
786 2561 913 2627 scientia
935 2570 967 2625 et
989 2569 1107 2626 matura
1138 2561 1360 2627 deliberatione

615 2655 739 2732 nostris,
762 2656 863 2734 deque
883 2655 1065 2735 apostolicae
1086 2656 1241 2735 potestatis
1262 2655 1362 2734 pleni-

614 2748 723 2812 tudine
744 2749 847 2812 omnia
861 2755 893 2812 ct
906 2749 1039 2826 singula,
1055 2764 1133 2827 quae
1148 2749 1179 2810 iu
1194 2747 1360 2828 praedicta-

614 2859 687 2906 rum
718 2860 825 2906 rerum
851 2844 933 2907 serie
955 2857 1008 2921 per
1033 2848 1221 2905 memoratos
1242 2841 1357 2905 Praele-

614 2941 699 3000 ctum
730 2945 760 3000 et
792 2935 1002 3000 secretarium
1034 2935 1291 3015 congregauonis
1322 2937 1359 3000 de

614 3030 806 3108 Propagauda
834 3030 919 3105 Fide,
942 3037 974 3092 ot
996 3028 1153 3093 vicarium
1180 3029 1359 3107 generalem

613 3123 735 3188 Ordinis
766 3123 1012 3186 Praedicatorum
1041 3127 1087 3184 sat
1116 3122 1240 3200 egregie
1262 3131 1360 3201 gesta-

614 3233 684 3280 rum
706 3217 848 3295 superius
863 3215 912 3280 bic
926 3223 1064 3278 enarrata
1080 3215 1294 3292 continentur,
1306 3235 1358 3280 au·

613 3310 754 3375 ctoritate
774 3310 936 3388 apostolica
959 3318 1067 3374 tenore
1081 3311 1293 3389 praesentium
1307 3310 1358 3374 de-

613 3422 677 3470 nuo
697 3407 929 3479 confirmamus,
951 3413 1078 3484 rataque
1098 3411 1129 3468 et
1150 3404 1249 3467 valida
1266 3404 1358 3468 habe·

612 3517 683 3564 mus
703 3517 737 3563 ac
757 3501 956 3574 declaramus,
972 3498 1096 3578 illisque
1109 3497 1291 3577 apostolicae
1307 3487 1358 3562 il'r-

612 3595 727 3658 mitatis
747 3593 843 3656 robur
862 3591 1034 3668 adiicimus,
1056 3607 1091 3654 ac
1114 3607 1223 3656 omnes
1244 3599 1276 3656 et
1295 3597 1358 3658 sin·

613 3687 701 3768 gulos
721 3687 787 3750 sive
807 3686 885 3750 iuris
905 3685 971 3750 sive
992 3686 1062 3750 lacti
1077 3685 1226 3764 delectus,
1241 3688 1267 3750 si
1282 3705 1358 3768 quos

612 3785 743 3861 desuper
758 3780 990 3860 quomodolibet
1004 3780 1209 3844 intervenisse
1220 3783 1359 3860 contige-

612 3879 664 3952 rit,
685 3875 826 3956 plenarie
845 3890 988 3937 sanamus
1006 3881 1098 3954 atque
1118 3875 1309 3955 supplemus,
1325 3895 1358 3942 ac

612 3968 886 4034 constitutionibus
907 3967 1029 4031 Ordinis
1057 3966 1305 4032 Praedicatorum
1327 3981 1358 4035 et

611 4063 788 4144 provinciae
802 4061 983 4140 praedictae,
996 4075 1073 4139 quae
1084 4061 1156 4123 huic
1167 4061 1357 4140 dispositioni

611 4166 735 4222 nostrae
750 4155 903 4220 adversari
919 4161 1058 4232 possunt,
1074 4169 1218 4233 expresse
1232 4157 1358 4234 deroga-

612 4268 692 4314 mus.
716 4249 858 4327 Tibique,
880 4248 1066 4310 venerabilis
1081 4247 1186 4325 irater,
1202 4266 1257 4330 per
1271 4266 1356 4330 prae·

611 4355 714 4409 sentes
736 4344 943 4420 iniungimus,
966 4349 1001 4404 ut
1023 4342 1127 4404 omnia
1153 4358 1209 4421 per
1229 4359 1286 4406 uos
1307 4363 1356 4426 ap·

611 4440 735 4519 probata
757 4436 890 4500 fideliter
903 4451 1010 4499 serves
1024 4441 1116 4515 atque
1130 4435 1307 4518 adimpleas,
1323 4459 1357 4506 ac

611 4533 648 4594 alr
669 4530 813 4600 omnibus
835 4529 871 4590 ad
893 4545 970 4608 quos
989 4538 1114 4608 spectat,
1130 4533 1247 4594 servari
1263 4542 1293 4597 et
1308 4536 1357 4598 ad·

611 4623 734 4705 impleri
756 4624 844 4687 laclas
865 4629 896 4686 et
916 4637 1013 4684 cores.

399 4725 593 4774 clauseramus
651 4719 670 4795 5
690 4719 719 4782 3.
744 4719 952 4781 Decernentes
973 4715 1026 4779 llas
1054 4727 1230 4796 praesentes
1252 4720 1358 4787 literas

382 4779 437 4880 {XX
452 4779 593 4882 LXXX?
613 4817 727 4890 llrmas,
749 4811 862 4874 validas
883 4819 914 4874 et
935 4811 1070 4874 elllcaces
1084 4811 1217 4876 existere
1231 4831 1265 4878 ac
1279 4814 1356 4896 lore,

611 4923 744 4988 suosque
764 4905 916 4986 plenarios
938 4913 969 4967 et
990 4905 1128 4982 integros
1150 4905 1276 4970 allectus
1291 4927 1356 4973 sor·

611 5004 663 5066 tiri
683 5009 715 5064 et
737 5000 890 5076 obtinere,
912 5015 945 5061 ac
966 4999 1004 5061 iis
1018 4999 1054 5060 ad
1069 5016 1144 5079 quos
1159 5003 1308 5080 pertinet,
1324 5023 1357 5069 ac

612 5097 644 5159 in
666 5096 811 5160 loturum
840 5091 998 5172 spectabit,
1022 5095 1055 5154 in
1077 5096 1224 5158 omnibus
1250 5105 1281 5160 et
1302 5115 1357 5178 per

611 5191 715 5254 omnia
737 5188 915 5266 plenissime
940 5187 1112 5268 sullragari,
1135 5199 1165 5254 et
1186 5194 1222 5255 ab
1244 5194 1288 5256 eis
1310 5212 1356 5258 re-

610 5283 749 5364 spective
768 5281 988 5344 inviolabiliter
1010 5283 1180 5347 observari:
1205 5285 1309 5366 sicque
1323 5289 1355 5352 lu

611 5377 785 5456 praemissis
806 5392 860 5456 per
878 5392 1090 5455 quoscumque
1105 5378 1221 5442 iudices
1234 5383 1357 5444 ordina·

611 5473 672 5533 rios
693 5478 723 5534 et
745 5470 911 5546 delegatos,
943 5470 1035 5531 etiarn
1063 5487 1226 5534 causarum
1253 5475 1355 5552 palatii

612 5565 708 5625 nostri
730 5563 886 5642 apostolici
908 5563 1073 5639 auditores,
1089 5564 1216 5628 iudicari
1231 5575 1262 5629 et
1282 5569 1356 5630 delr-

611 5657 673 5719 niri
694 5657 817 5733 debere,
840 5673 873 5718 ac
896 5656 1020 5719 irritum
1042 5663 1074 5718 et
1096 5659 1199 5736 inane,
1221 5661 1247 5722 si
1270 5676 1356 5724 secus

610 5765 703 5828 super
731 5749 779 5810 his
809 5767 1004 5830 aquoquam
1035 5753 1143 5830 quavis
1174 5758 1356 5818 auctoritate

609 5843 743 5904 scienter
773 5843 824 5904 vel
851 5843 1032 5920 ignoranter
1063 5845 1230 5922 contigerit
1255 5856 1356 5912 atten-

609 5937 678 5998 tari.

1458 1248 1570 1313 Oatuut
1590 1250 1706 1315 Romae
1728 1254 1809 1330 apud
1829 1249 1860 1314 S.
1884 1252 2012 1315 Petrum
2033 1253 2091 1315 sub
2111 1271 2166 1318 an-

1418 1340 1494 1402 nulo
1514 1340 1674 1408 Piscatoris
1694 1345 1745 1408 die
1766 1361 1799 1407 11.
1831 1345 1903 1407 maii
1924 1361 2163 1424 ubcccxxvlll.,

1418 1434 1611 1512 pontificatus
1632 1439 1729 1500 nostri
1751 1453 1832 1501 anuo
1853 1454 1883 1500 v.

1719 1910 1857 1976 XXXIV.

1418 2093 1528 2176 Eripit
1550 2097 1718 2178 collegium
1739 2099 2022 2162 mansionariorum
2043 2101 2078 2163 iu
2091 2115 2165 2178 pro-

1456 2189 1565 2253 uincia
1579 2191 1816 2254 interamnensi
1830 2191 1985 2256 Lusitani
1999 2196 2091 2274 regni
2104 2197 2164 2259 Or-

1458 2284 1544 2348 dinis
1556 2287 1702 2368 [ratram
1713 2285 1876 2350 lituorum
1887 2285 1924 2348 da
1938 2286 2161 2352 Obseruantia.

1672 2455 1746 2523 [Εο
1768 2456 1827 2524 ΡΡ.
1852 2453 1910 2522 llll.

1554 2579 1591 2649 ad
1613 2579 1745 2648 loturam
1771 2581 1814 2647 rei
1837 2581 2017 2650 memoriam.

1456 2757 1524 2834 §l
1550 2757 1595 2820 Ex
1616 2772 1678 2836 quo
1698 2765 1841 2820 aeternae
1868 2758 1984 2821 mentis
2011 2760 2162 2825 inaccessa
2209 2778 2348 2825 remearem.

1415 2851 1540 2916 consilia
1561 2850 1593 2913 iu
1616 2851 1673 2913 lroc
1703 2863 1866 2928 supremae
1892 2854 2051 2929 potestatis
2077 2853 2163 2918 iasti-

1416 2945 1502 3024 gium
1534 2958 1589 3005 nos
1618 2943 1790 3007 immeritos
1820 2957 1966 3020 evexere,
1988 2945 2016 3006 ei
2037 2961 2163 3026 semper

1415 3038 1517 3102 studio
1538 3037 1747 3114 incubuimus,
1770 3046 1805 3100 ut
1826 3037 2001 3101 animarum
2015 3039 2161 3118 salutem,

1415 3129 1627 3213 quantumin
1655 3130 1743 3193 uobis
1769 3131 1866 3193 situm
1894 3139 1985 3206 esset,
2016 3147 2163 3211 procura-

1415 3239 1531 3290 remus.

1455 3321 1473 3396 5
1494 3319 1523 3381 2.
1546 3318 1753 3396 Quamobrem
1772 3319 1876 3398 aequis
1891 3320 2021 3382 omnino
2034 3319 2163 3386 auribus
2195 3340 2349 3398 capessunt·

1414 3428 1519 3492 preces
1534 3411 1712 3490 excepimus
1726 3411 1831 3474 dilecti
1845 3412 1902 3474 lilii
1918 3414 2046 3479 llutouii
2061 3431 2077 3476 a
2091 3415 2162 3481 lesu
2182 3403 2246 3440 ⁰⁰¹⁰·

1415 3507 1599 3572 missionarli
1621 3503 1777 3584 apostolici
1797 3503 1835 3568 ir.
1859 3506 1982 3570 Ordinis
2003 3509 2163 3574 tlinorum

1414 3603 1450 3666 de
1471 3599 1682 3673 Observantia,
1704 3607 1740 3661 ut
1761 3613 1812 3660 eos
1827 3606 1950 3674 vocant,
1967 3601 2164 3666 Excalceato·

1414 3711 1498 3771 rum,
1526 3693 1579 3772 qui
1609 3693 1732 3754 veniam
1763 3691 1963 3756 construendi
1984 3693 2016 3756 iu
2044 3693 2163 3758 lutera-

1414 3788 1536 3852 muensi
1558 3783 1699 3848 Lusitani
1713 3785 1802 3862 regni
1817 3786 1976 3864 provincia
1991 3787 2160 3866 collegium

1414 3879 1679 3945 missionariorum
1700 3879 1841 3940 eiusdem
1862 3877 1984 3943 Ordinis
1998 3880 2091 3943 enixe
2106 3897 2160 3961 po-

1412 3973 1550 4037 stularit.
1574 3971 1618 4034 iio
1647 3981 1752 4034 autem
1782 3971 1879 4048 magis
1909 3973 1989 4034 votis
2017 3973 2084 4037 eius
2105 3992 2162 4037 au·

1413 4067 1575 4130 nuendum
1601 4065 1792 4141 censuimus,
1819 4066 1912 4144 quod,
1934 4073 1969 4128 ut
1996 4066 2084 4129 nobis
2104 4083 2160 4128 ex-

1413 4176 1530 4242 ponere
1551 4162 1616 4237 ipse
1637 4159 1717 4221 baud
1738 4158 1853 4234 omisit,
1870 4167 2001 4237 quatuor
2020 4160 2159 4226 eiusdem

1413 4254 1534 4320 Ordinis
1554 4252 1680 4330 collegia
1699 4252 1737 4316 de
1753 4251 1905 4331 VaratoJ'o,
1921 4253 1958 4316 de
1973 4254 2157 4333 Bracanues,

1413 4350 1451 4412 de
1474 4347 1616 4421 lliubaes,
1639 4353 1670 4408 et
1691 4346 1729 4408 de
1754 4344 1915 4408 liezaolrlo
1942 4351 2031 4409 antea
2051 4346 2085 4408 in
2106 4363 2159 4412 eo-

1413 4444 1484 4506 dem
1515 4438 1690 4502 Lusitaniae
1717 4453 1816 4515 reguo
1837 4439 1872 4501 ad
1894 4437 1976 4500 idem
2004 4456 2159 4506 sacrarum

1413 4534 1599 4597 missionum
1619 4546 1694 4609 opus
1711 4529 1848 4607 iuudata,
1865 4529 1957 4608 longe
1971 4547 1986 4592 a
2002 4534 2160 4610 provincia

1414 4623 1644 4692 interamnensi
1665 4625 1789 4688 distent.
1813 4621 1911 4686 Locus
1931 4631 2048 4702 autem,
2064 4643 2159 4706 quem

1414 4736 1495 4783 novo
1518 4721 1592 4781 liuic
1621 4716 1795 4780 extruendo
1819 4716 1949 4795 collegio
1977 4718 2083 4797 elegit,
2112 4731 2160 4786 est

1413 4815 1498 4878 unns
1513 4813 1642 4876 Sanctae
1653 4810 1764 4874 llariae
1774 4809 1969 4888 llagdaleuae
1981 4828 2077 4892 prope
2088 4815 2159 4877 lira-

1413 4923 1526 4972 caram.
1550 4907 1612 4969 lam
1634 4921 1709 4968 vero
1730 4903 1907 4969 huiusmodi
1928 4905 2158 4983 consiliemus

1414 4999 1502 5064 uobis
1522 5013 1646 5078 quoque
1665 4997 1864 5075 significavit,
1880 4997 1995 5062 initum
2012 5008 2070 5076 est,
2085 5017 2159 5064 con-

1413 5094 1621 5160 sentientibus
1635 5090 1805 5156 venerabili
1819 5091 1913 5156 lratre
1923 5092 2158 5174 Arcisiepiscopo

1413 5187 1603 5262 Bracareusi,
1635 5201 1693 5249 nec
1714 5201 1777 5248 uon
1807 5183 1952 5248 universa
1981 5187 2158 5250 Bracareusi

1414 5286 1475 5363 ipsa
1498 5283 1631 5356 civitate,
1654 5287 1684 5342 et
1705 5277 1816 5342 dilecto
1844 5277 1907 5340 filio
1929 5278 2079 5341 hodierno
2100 5281 2158 5342 mi·

1414 5379 1512 5442 uistro
1534 5375 1670 5455 generali
1693 5372 1818 5452 praelati
1833 5371 1971 5448 Ordinis;
1987 5378 2158 5450 praeterea·

1413 5489 1473 5553 que
1485 5487 1548 5534 non
1562 5467 1774 5533 consentiente
1788 5465 1902 5548 solum,
1913 5465 1965 5528 sed
1980 5481 2067 5528 suam
2082 5483 2159 5544 quo·

1412 5583 1473 5646 que
1494 5563 1719 5645 protectionem
1747 5559 1918 5640 spondente
1948 5559 2062 5621 loaune
2082 5561 2157 5622 dum

1413 5661 1534 5722 viveret
1556 5657 1607 5720 lll.
1631 5663 1707 5718 tuuc
1729 5653 1874 5733 temporis
1895 5653 2038 5716 Brasiliae
2059 5654 2158 5733 impe·

1413 5761 1525 5828 ratore,
1549 5759 1580 5813 et
1602 5747 1803 5825 Portugalliae
1824 5754 1917 5826 atque
1941 5747 2156 5826 nlgarblorum

1413 5861 1487 5924 rege
1518 5844 1704 5907 fidelissimo.
1729 5845 1798 5906 Post
1819 5848 1892 5907 liaeo
1922 5845 2019 5922 igitur
2039 5846 2157 5926 praedi·

1412 5947 1478 6005 ctus
1499 5939 1628 6003 dilectus
1649 5939 1732 6000 lilius
1752 5939 1905 6002 Antonius
1921 5957 1936 6000 a
1952 5941 2018 6004 lesu
2031 5940 2156 6005 lacolta-
